%% Created using Papers on Wed, 24 Jan 2018.
%% http://papersapp.com/papers/

@article{Anonymous:koF4e8wM,
author = {Wasserman, Larry},
title = {{Intermediate Statistics Lecture Notes 4}},
year = {2016},
pages = {1--12},
month = sep
}

@article{Anonymous:8dn9lkk6,
author = {Wasserman, Larry},
title = {{Intermediate Statistics Lecture Notes 13}},
year = {2016},
pages = {1--10},
month = oct
}

@article{Roberts:2015iu,
author = {Roberts, Elijah and Be'er, Shay and Bohrer, Chris and Sharma, Rati and Assaf, Michael},
title = {{Dynamics of simple gene-network motifs subject to extrinsic fluctuations}},
journal = {Phys Rev E},
year = {2015},
volume = {92},
number = {6},
pages = {062717--14},
month = dec
}

@article{Chai:2014de,
author = {Chai, Lian En and Loh, Swee Kuan and Low, Swee Thing and Mohamad, Mohd Saberi and Deris, Safaai and Zakaria, Zalmiyah},
title = {{A review on the computational approaches for gene regulatory network construction}},
journal = {Computers in Biology and Medicine},
year = {2014},
volume = {48},
number = {C},
pages = {55--65},
month = may
}

@article{Kale:2014bx,
author = {Kale, Seyit and Sode, Olaseni and Weare, Jonathan and Dinner, Aaron R},
title = {{Finding Chemical Reaction Paths with a Multilevel Preconditioning Protocol.}},
journal = {J Chem Theory Comput},
year = {2014},
volume = {10},
number = {12},
pages = {5467--5475},
month = dec
}

@article{Robb:2014io,
author = {Robb, Matthew L and Shahrezaei, Vahid},
title = {{Stochastic Cellular Fate Decision Making by Multiple Infecting Lambda Phage}},
journal = {PLoS ONE},
year = {2014},
volume = {9},
number = {8},
pages = {e103636},
month = aug
}

@article{BelloRivas:2015ef,
author = {Bello-Rivas, Juan M and Elber, Ron},
title = {{Exact milestoning}},
journal = {J Chem Phys},
year = {2015},
volume = {142},
number = {9},
pages = {094102--20},
month = mar
}

@article{Szpruch:2010do,
author = {Szpruch, Lukasz and Higham, Desmond J},
title = {{Comparing Hitting Time Behavior of Markov Jump Processes and Their Diffusion Approximations}},
journal = {Multiscale Modeling {\&} Simulation},
year = {2010},
volume = {8},
number = {2},
pages = {605--621}
}

@article{Anonymous:2016vq,
title = {{Random Variables}},
year = {2016},
pages = {1--6},
month = oct
}

@article{MiroBueno:2011fc,
author = {Mir{\'o}-Bueno, Jes{\'u}s M and Rodr{\'\i}guez-Pat{\'o}n, Alfonso},
title = {{A Simple Negative Interaction in the Positive Transcriptional Feedback of a Single Gene Is Sufficient to Produce Reliable Oscillations}},
journal = {PLoS ONE},
year = {2011},
volume = {6},
number = {11},
pages = {e27414--11},
month = nov
}

@article{Roussel:2006fw,
author = {Roussel, Marc R and Zhu, Rui},
title = {{Validation of an algorithm for delay stochastic simulation of transcription and translation in prokaryotic gene expression}},
journal = {Phys Biol},
year = {2006},
volume = {3},
number = {4},
pages = {274--284},
month = dec
}

@article{Liu:2015jh,
author = {Liu, Zhe and Lavis, Luke D and Betzig, Eric},
title = {{Imaging Live-Cell Dynamics and Structure at the Single-Molecule Level}},
journal = {Mol Cell},
year = {2015},
volume = {58},
number = {4},
pages = {644--659},
month = may
}

@article{Torrie:1977hs,
author = {Torrie, G M and Valleau, J P},
title = {{Nonphysical sampling distributions in Monte Carlo free-energy estimation: Umbrella sampling}},
journal = {J Comput Phys},
year = {1977},
volume = {23},
number = {2},
pages = {187--199},
month = feb
}

@article{Zuckerman:2017eq,
author = {Zuckerman, Daniel M and Chong, Lillian T},
title = {{Weighted Ensemble Simulation: Review of Methodology, Applications, and Software}},
journal = {Annu Rev Biophys},
year = {2017},
volume = {46},
number = {1},
pages = {43--57},
month = may
}

@article{Roy:2014fw,
author = {Roy, Siddhartha and Kundu, Tapas K},
title = {{Gene regulatory networks and epigenetic modifications in cell differentiation}},
journal = {IUBMB Life},
year = {2014},
volume = {66},
number = {2},
pages = {100--109},
month = feb
}

@article{Uriu:2017go,
author = {Uriu, Koichiro and Morelli, Luis G},
title = {{Determining the impact of cell mixing on signaling during development}},
journal = {Develop. Growth Differ.},
year = {2017},
volume = {59},
number = {5},
pages = {351--368},
month = jun
}

@article{Carlitz:1963vu,
author = {Carlitz, L},
title = {{The inverse of the error function}},
journal = {Pacific Journal of Mathematics},
year = {1963}
}

@article{HANGGI:1981vk,
author = {HANGGI, P and SHULER, K E and OPPENHEIM, I},
title = {{On the Relations Between Markovian Master-Equations and Stochastic Differential-Equations}},
journal = {Physica a-Statistical Mechanics and Its Applications},
year = {1981},
volume = {107},
number = {1},
pages = {143--157}
}

@article{Blaak:2005cz,
author = {Blaak, R and L{\"o}wen, H},
title = {{Umbrella sampling in non-equilibrium computer simulations}},
journal = {Computer Physics Communications},
year = {2005}
}

@article{Golding:2015ft,
author = {Golding, Ido},
title = {{Single-Cell Studies of Phage $\lambda$: Hidden Treasures Under Occam's Rug}},
journal = {Annual Review of Virology},
year = {2015},
volume = {3},
number = {1},
pages = {annurev--virology--110615--042127--20},
month = nov
}

@article{Cao:2010dp,
author = {Cao, Youfang and Lu, Hsiao-Mei and Liang, Jie},
title = {{Probability landscape of heritable and robust epigenetic state of lysogeny in phage lambda.}},
journal = {Proc Natl Acad Sci USA},
year = {2010},
volume = {107},
number = {43},
pages = {18445--18450},
month = oct
}

@article{vanErp:2003ik,
author = {van Erp, Titus S and Moroni, Daniele and Bolhuis, Peter G},
title = {{A novel path sampling method for the calculation of rate constants}},
journal = {J Chem Phys},
year = {2003},
volume = {118},
number = {17},
pages = {7762--7713}
}

@article{Macklin:2014et,
author = {Macklin, Derek N and Ruggero, Nicholas A and Covert, Markus W},
title = {{The future of whole-cell modeling}},
journal = {Curr Opin Biotechnol},
year = {2014},
volume = {28},
pages = {111--115},
month = aug
}

@article{Smith:2017jia,
author = {Smith, Rosanna C G and Stumpf, Patrick S and Ridden, Sonya J and Sim, Aaron and Filippi, Sarah and Harrington, Heather A and Ben D MacArthur},
title = {{Nanog Fluctuations in Embryonic Stem Cells Highlight the Problem of Measurement in Cell Biology}},
journal = {Biophys J},
year = {2017},
volume = {112},
number = {12},
pages = {2641--2652},
month = jun
}

@article{vanErp:2008ji,
author = {van Erp, Titus S},
title = {{Efficient path sampling on multiple reaction channels}},
journal = {Computer Physics Communications},
year = {2008},
volume = {179},
number = {1-3},
pages = {34--40},
month = jul
}

@article{Gillespie:1976bj,
author = {Gillespie, D T},
title = {{A general method for numerically simulating the stochastic time evolution of coupled chemical reactions}},
journal = {J Comput Phys},
year = {1976},
volume = {22},
number = {4},
pages = {403--434}
}

@article{Baum:2016fj,
author = {Baum, Katharina and Politi, Antonio Z and Kofahl, Bente and Steuer, Ralf and Wolf, Jana},
title = {{Feedback, Mass Conservation and Reaction Kinetics Impact the Robustness of Cellular Oscillations}},
journal = {PLoS Comput Biol},
year = {2016},
volume = {12},
number = {12},
pages = {e1005298--33},
month = dec
}

@article{qian:2014ut,
author = {Qian, Hong},
title = {{Poisson Process, Exponential Waiting and Master Equations}},
year = {2014},
pages = {1--2},
month = apr
}

@article{Souaille:2001gm,
author = {Souaille, Marc and Roux, Benoı̂t},
title = {{Extension to the weighted histogram analysis method: combining umbrella sampling with free energy calculations}},
journal = {Computer Physics Communications},
year = {2001},
volume = {135},
number = {1},
pages = {40--57},
month = mar
}

@article{vanErp:2005jua,
author = {van Erp, Titus S and Bolhuis, Peter G},
title = {{Elaborating transition interface sampling methods}},
journal = {J Comput Phys},
year = {2005},
volume = {205},
number = {1},
pages = {157--181},
month = may
}

@book{Ross:2007ud,
author = {Ross, Sheldon M},
title = {{Introduction to Probability Models}},
publisher = {Academic Press},
year = {2007}
}

@article{Anonymous:l8HD9iEn,
author = {Wasserman, Larry},
title = {{Intermediate Statistics Lecture Notes 2}},
year = {2016},
pages = {1--9},
month = aug
}

@article{Kenkre:1973em,
author = {Kenkre, V M and Montroll, E W and Shlesinger, M F},
title = {{Generalized master equations for continuous-time random walks}},
journal = {Journal of Statistical Physics},
year = {1973},
volume = {9},
number = {1},
pages = {45--50}
}

@article{Lan:2013cda,
author = {Lan, G and Tu, Y},
title = {{The cost of sensitive response and accurate adaptation in networks with an incoherent type-1 feed-forward loop}},
journal = {Journal of The Royal Society Interface},
year = {2013},
volume = {10},
number = {87},
pages = {20130489--20130489},
month = jul
}

@article{Zhang:2010kfa,
author = {Zhang, Bin W and Jasnow, David and Zuckerman, Daniel M},
title = {{The {\textquotedblleft}weighted ensemble{\textquotedblright} path sampling method is statistically exact for a broad class of stochastic processes and binning procedures}},
journal = {J Chem Phys},
year = {2010},
volume = {132},
number = {5},
pages = {054107--8},
month = feb
}

@article{Zhang:2016fg,
author = {Zhang, Xiaoyan and Marjani, Sadie L and Hu, Zhaoyang and Weissman, Sherman M and Pan, Xinghua and Wu, Shixiu},
title = {{Single-Cell Sequencing for Precise Cancer Research: Progress and Prospects}},
journal = {Cancer Res},
year = {2016},
volume = {76},
number = {6},
pages = {1305--1312},
month = mar
}

@article{Biancalani:2015iia,
author = {Biancalani, Tommaso and Assaf, Michael},
title = {{Genetic Toggle Switch in the Absence of Cooperative Binding: Exact Results}},
journal = {Phys Rev Lett},
year = {2015},
volume = {115},
number = {20},
pages = {208101--5},
month = nov
}

@article{SHUMWAY:1960wz,
author = {SHUMWAY, R and GURLAND, J},
title = {{Fitting the Poisson Binomial Distribution}},
journal = {Biometrics},
year = {1960},
volume = {16},
number = {4},
pages = {522--533}
}

@article{Valeriani:2007hv,
author = {Valeriani, Chantal and Allen, Rosalind J and Morelli, Marco J and Frenkel, Daan and Rein ten Wolde, Pieter},
title = {{Computing stationary distributions in equilibrium and nonequilibrium systems with forward flux sampling.}},
journal = {J Chem Phys},
year = {2007},
volume = {127},
number = {11},
pages = {114109},
month = sep
}

@article{HongLi:2009kb,
author = {Hong Li and Petzold, Linda},
title = {{Efficient Parallelization of the Stochastic Simulation Algorithm for Chemically Reacting Systems On the Graphics Processing Unit}},
journal = {The International Journal of High Performance Computing Applications},
year = {2009},
volume = {24},
number = {2},
pages = {107--116},
month = jun
}

@article{Marshall:1967fq,
author = {Marshall, Albert W and Olkin, Ingram},
title = {{A Multivariate Exponential Distribution}},
journal = {Journal of the American Statistical Association},
year = {1967},
volume = {62},
number = {317},
pages = {30--44},
month = mar
}

@article{Cho:2008uc,
author = {Cho, E and Cho, M J},
title = {{Variance of sample variance with replacement}},
journal = {International Journal of Pure and Applied Mathematics},
year = {2008}
}

@article{Gillespie:2013kk,
author = {Gillespie, Daniel T and Hellander, Andreas and Petzold, Linda R},
title = {{Perspective: Stochastic algorithms for chemical kinetics}},
journal = {J Chem Phys},
year = {2013},
volume = {138},
number = {17},
pages = {170901--15},
month = may
}

@article{Laio:2002ft,
author = {Laio, Alessandro and Parrinello, Michele},
title = {{Escaping free-energy minima.}},
journal = {Proc Natl Acad Sci USA},
year = {2002},
volume = {99},
number = {20},
pages = {12562--12566},
month = oct
}

@article{Hung:2014by,
author = {Hung, Michelle and Chang, Emily and Hussein, Razika and Frazier, Katya and Shin, Jung-Eun and Sagawa, Shiori and Lim, Han N},
title = {{Modulating the frequency and bias of stochastic switching to control phenotypic variation.}},
journal = {Nat Commun},
year = {2014},
volume = {5},
pages = {4574--4574}
}

@article{Rue:2013fy,
author = {Ru{\'e}, Pau and Garcia-Ojalvo, Jordi},
title = {{Modeling Gene Expression in Time and Space}},
journal = {Annu Rev Biophys},
year = {2013},
volume = {42},
number = {1},
pages = {605--627},
month = may
}

@article{Locke:2009gx,
author = {Locke, James C W and Elowitz, Michael B},
title = {{Using movies to analyse gene circuit dynamics in single cells}},
journal = {Nat Rev Micro},
year = {2009},
volume = {7},
number = {5},
pages = {383--392},
month = may
}

@article{Berryman:2010ef,
author = {Berryman, Joshua T and Schilling, Tanja},
title = {{Sampling rare events in nonequilibrium and nonstationary systems}},
journal = {J Chem Phys},
year = {2010},
volume = {133},
number = {24},
pages = {244101--244111}
}

@book{Metzler:2014wj,
author = {Metzler, Ralf and Oshanin, Gleb and Redner, Sidney},
title = {{First-Passage Phenomena and Their Applications}},
publisher = {World Scientific},
year = {2014},
month = mar
}

@book{Ross:2014um,
author = {Ross, Sheldon M},
title = {{A First Course in Probability}},
publisher = {Pearson College Division},
year = {2014}
}

@article{Dickson:2011ei,
author = {Dickson, Alex and Maienschein-Cline, Mark and Tovo-Dwyer, Allison and Hammond, Jeff R and Dinner, Aaron R},
title = {{Flow-Dependent Unfolding and Refolding of an RNA by Nonequilibrium Umbrella Sampling.}},
journal = {J Chem Theory Comput},
year = {2011},
volume = {7},
number = {9},
pages = {2710--2720},
month = sep
}

@article{Chu:2017fx,
author = {Chu, Brian K and Tse, Margaret J and Sato, Royce R and Read, Elizabeth L},
title = {{Markov State Models of gene regulatory networks}},
journal = {BMC Systems Biology},
year = {2017},
pages = {1--17},
month = jan
}

@article{Warmflash:2007dz,
author = {Warmflash, Aryeh and Bhimalapuram, Prabhakar and Dinner, Aaron R},
title = {{Umbrella sampling for nonequilibrium processes.}},
journal = {J Chem Phys},
year = {2007},
volume = {127},
number = {15},
pages = {154112},
month = oct
}

@article{Gibson:2000jq,
author = {Gibson, Michael A and Bruck, Jehoshua},
title = {{Efficient Exact Stochastic Simulation of Chemical Systems with Many Species and Many Channels}},
journal = {J Phys Chem A},
year = {2000},
volume = {104},
number = {9},
pages = {1876--1889},
month = mar
}

@article{Oehlert:1992gp,
author = {Oehlert, G W},
title = {{A note on the delta method}},
journal = {The American Statistician},
year = {1992}
}

@book{Magnus:1999vh,
author = {Magnus, Jan R and Neudecker, Heinz},
title = {{Matrix Differential Calculus with Applications in Statistics and Econometrics}},
publisher = {University of Texas Press},
year = {1999}
}

@article{Allen:2006ch,
author = {Allen, Rosalind J and Frenkel, Daan and ten Wolde, Pieter Rein},
title = {{Forward flux sampling-type schemes for simulating rare events: efficiency analysis.}},
journal = {J Chem Phys},
year = {2006},
volume = {124},
number = {19},
pages = {194111},
month = may
}

@article{Thiede:2016bxa,
author = {Thiede, Erik H and Van Koten, Brian and Weare, Jonathan and Dinner, Aaron R},
title = {{Eigenvector method for umbrella sampling enables error analysis}},
journal = {J Chem Phys},
year = {2016},
volume = {145},
number = {8},
pages = {084115--16},
month = aug
}

@article{Sharma:2016gw,
author = {Sharma, Rati and Roberts, Elijah},
title = {{Gradient sensing by a bistable regulatory motif enhances signal amplification but decreases accuracy in individual cells}},
journal = {Phys Biol},
year = {2016},
volume = {13},
number = {3},
pages = {036003--16},
month = jun
}

@article{Becker:2012ej,
author = {Becker, Nils B and ten Wolde, Pieter Rein},
title = {{Rare switching events in non-stationary systems.}},
journal = {J Chem Phys},
year = {2012},
volume = {136},
number = {17},
pages = {174119},
month = may
}

@article{Bernardi:2015ij,
author = {Bernardi, Rafael C and Melo, Marcelo C R and Schulten, Klaus},
title = {{Enhanced sampling techniques in molecular dynamics simulations of biological systems}},
journal = {BBA - General Subjects},
year = {2015},
volume = {1850},
number = {5},
pages = {872--877},
month = may
}

@article{Feng:2015gl,
author = {Feng, Haoyun and Costaouec, Ronan and Darve, Eric and Izaguirre, Jes{\'u}s A},
title = {{A comparison of weighted ensemble and Markov state model methodologies}},
journal = {J Chem Phys},
year = {2015},
volume = {142},
number = {21},
pages = {214113--13},
month = jun
}

@article{Springer:1970ca,
author = {Springer, M D and Thompson, W E},
title = {{The Distribution of Products of Beta, Gamma and Gaussian Random Variables}},
journal = {SIAM Journal on Applied Mathematics},
year = {1970},
volume = {18},
number = {4},
pages = {721--737},
month = jun
}

@article{Anonymous:_79Humrn,
author = {Wasserman, Larry},
title = {{Intermediate Statistics Lecture Notes 8}},
year = {2016},
pages = {1--11},
month = sep
}

@book{Ross:2014uu,
author = {Ross, Sheldon M},
title = {{Introduction to Probability and Statistics for Engineers and Scientists}},
publisher = {Academic Press},
year = {2014},
month = aug
}

@article{Anonymous:XxHAszPj,
author = {Wasserman, Larry},
title = {{Intermediate Statistics Lecture Notes 9}},
year = {2016},
pages = {1--13},
month = oct
}

@article{VelizCuba:2015hj,
author = {Veliz-Cuba, Alan and Hirning, Andrew J and Atanas, Adam A and Hussain, Faiza and Vancia, Flavia and Josic, Kresimir and Bennett, Matthew R},
title = {{Sources of Variability in a Synthetic Gene Oscillator}},
journal = {PLoS Comput Biol},
year = {2015},
volume = {11},
number = {12},
pages = {e1004674--24},
month = dec
}

@article{IyerBiswas:2015un,
author = {Iyer-Biswas, Srividya and Zilman, Anton},
title = {{First Passage processes in cellular biology}},
journal = {arXiv.org},
year = {2015},
month = mar
}

@article{Chou:2014tq,
author = {Chou, Tom and D'Orsogna, Maria R},
title = {{First Passage Problems in Biology}},
journal = {arXiv.org},
year = {2014},
month = aug
}

@article{Gardner:2000bm,
author = {Gardner, T S and Cantor, C R and Collins, J J},
title = {{Construction of a genetic toggle switch in Escherichia coli}},
journal = {Nature},
year = {2000},
volume = {403},
number = {6767},
pages = {339--342}
}

@article{Arkin:1998vy,
author = {Arkin, A and Ross, J and McAdams, H H},
title = {{Stochastic kinetic analysis of developmental pathway bifurcation in phage lambda-infected Escherichia coli cells.}},
journal = {Genetics},
year = {1998},
volume = {149},
number = {4},
pages = {1633--1648},
month = aug
}

@article{Rosenfeld:2007fx,
author = {Rosenfeld, Simon},
title = {{Stochastic cooperativity in non-linear dynamics of genetic regulatory networks}},
journal = {Mathematical Biosciences},
year = {2007},
volume = {210},
number = {1},
pages = {121--142},
month = nov
}

@article{Becker:2012fl,
author = {Becker, Nils B and Allen, Rosalind J and ten Wolde, Pieter Rein},
title = {{Non-stationary forward flux sampling.}},
journal = {J Chem Phys},
year = {2012},
volume = {136},
number = {17},
pages = {174118},
month = may
}

@article{Gillespie:1981fo,
author = {Gillespie, Daniel T},
title = {{On the calculation of mean first passage times for simple random walks}},
journal = {J Chem Phys},
year = {1981},
volume = {74},
number = {9},
pages = {5295--5299},
month = may
}

@article{Haase:2014jz,
author = {Haase, Steven B and Wittenberg, Curt},
title = {{Topology and Control of the Cell-Cycle-Regulated Transcriptional Circuitry}},
journal = {Genetics},
year = {2014},
volume = {196},
number = {1},
pages = {65--90},
month = jan
}

@booklet{Johnson:1999wc,
title = {{Some bivariate distributions for modeling the strength properties of lumber}},
author = {Johnson, Richard Arnold and Evans, James W and Green, David W and U S, Forest Products Laboratory},
year = {1999}
}

@article{Bhatt:2010df,
author = {Bhatt, Divesh and Zhang, Bin W and Zuckerman, Daniel M},
title = {{Steady-state simulations using weighted ensemble path sampling.}},
journal = {J Chem Phys},
year = {2010},
volume = {133},
number = {1},
pages = {014110},
month = jul
}

@article{Tempkin:2016uf,
author = {Tempkin, Jeremy O B and Van Koten, Brian and Mattingly, Jonathan C and Dinner, Aaron R and Weare, Jonathan},
title = {{Trajectory stratification of stochastic dynamics}},
journal = {arXiv},
year = {2016},
eprint = {1610.09426v1},
eprinttype = {arxiv},
eprintclass = {cond-mat.stat-mech},
month = oct
}

@book{Baron:2017tf,
author = {Baron, Peters},
title = {{Reaction Rate Theory and Rare Events}},
publisher = {Elsevier B.V.},
year = {2017},
edition = {First edition}
}

@article{Donovan:2013gz,
author = {Donovan, Rory M and Sedgewick, Andrew J and Faeder, James R and Zuckerman, Daniel M},
title = {{Efficient stochastic simulation of chemical kinetics networks using a weighted ensemble of trajectories.}},
journal = {J Chem Phys},
year = {2013},
volume = {139},
number = {11},
pages = {115105},
month = sep
}

@article{Anonymous:ux-ZQmvL,
author = {Wasserman, Larry},
title = {{Intermediate Statistics Lecture Notes 11}},
year = {2016},
pages = {1--9},
month = oct
}

@article{Becskei:2005cs,
author = {Becskei, Attila and Kaufmann, Benjamin B and van Oudenaarden, Alexander},
title = {{Contributions of low molecule number and chromosomal positioning to stochastic gene expression}},
journal = {Nat Genet},
year = {2005},
volume = {37},
number = {9},
pages = {937--944},
month = aug
}

@book{Ross:2010wr,
author = {Ross, Sheldon M},
title = {{Introductory Statistics}},
publisher = {Academic Press},
year = {2010},
month = jan
}

@article{Cheong:2009fo,
author = {Cheong, Raymond and Paliwal, Saurabh and Levchenko, Andre},
title = {{Models at the single cell level}},
journal = {Wiley Interdiscip Rev Syst Biol Med},
year = {2009},
volume = {2},
number = {1},
pages = {34--48},
month = jul
}

@article{Singh:2014he,
author = {Singh, Harinder and Khan, Aly A and Dinner, Aaron R},
title = {{Gene regulatory networks in the immune system}},
journal = {Trends in Immunology},
year = {2014},
volume = {35},
number = {5},
pages = {211--218},
month = may
}

@book{Olive:2014by,
author = {Olive, David},
title = {{Statistical Theory and Inference}},
publisher = {Springer},
year = {2014},
address = {Cham},
month = may
}

@article{Anonymous:2aPHlx2u,
author = {Wasserman, Larry},
title = {{Intermediate Statistics Lecture Notes 5}},
year = {2016},
pages = {1--6},
month = sep
}

@article{Allen:2005wy,
author = {Allen, Rosalind J and Warren, Patrick B and ten Wolde, Pieter Rein},
title = {{Sampling rare switching events in biochemical networks.}},
journal = {Phys Rev Lett},
year = {2005},
volume = {94},
number = {1},
pages = {018104},
month = jan
}

@article{Roberts:2011cs,
author = {Roberts, Elijah and Magis, Andrew and Ortiz, Julio O and Baumeister, Wolfgang and Luthey-Schulten, Zaida},
title = {{Noise Contributions in an Inducible Genetic Switch: A Whole-Cell Simulation Study}},
journal = {PLoS Comput Biol},
year = {2011},
volume = {7},
number = {3},
pages = {e1002010--21},
month = mar
}

@article{Bratsun:2005cs,
author = {Bratsun, Dmitri and Volfson, Dmitri and Tsimring, Lev S and Hasty, Jeff},
title = {{Delay-induced stochastic oscillations in gene regulation.}},
journal = {Proc Natl Acad Sci USA},
year = {2005},
volume = {102},
number = {41},
pages = {14593--14598},
month = oct
}

@article{Biancalani:2015ii,
author = {Biancalani, Tommaso and Assaf, Michael},
title = {{Genetic Toggle Switch in the Absence of Cooperative Binding: Exact Results}},
journal = {arXiv.org},
year = {2015},
number = {20},
pages = {208101},
month = jun
}

@article{Gillespie:1992gb,
author = {Gillespie, D T},
title = {{A rigorous derivation of the chemical master equation}},
journal = {Physica a-Statistical Mechanics and Its Applications},
year = {1992},
volume = {188},
number = {1-3},
pages = {404--425}
}

@article{Jung:2017jj,
author = {Jung, Hendrik and Okazaki, Kei-ichi and Hummer, Gerhard},
title = {{Transition path sampling of rare events by shooting from the top}},
journal = {J Chem Phys},
year = {2017},
volume = {147},
number = {15},
pages = {152716--11},
month = oct
}

@article{Harashima:2013cy,
author = {Harashima, Hirofumi and Dissmeyer, Nico and Schnittger, Arp},
title = {{Cell cycle control across the eukaryotic kingdom}},
journal = {Trends in Cell Biology},
year = {2013},
volume = {23},
number = {7},
pages = {345--356},
month = jul
}

@article{Goodman:1962uc,
author = {Goodman, L A},
title = {{The variance of the product of K random variables}},
journal = {Journal of the American Statistical Association},
year = {1962}
}

@article{Qian:2007gba,
author = {Qian, Hong},
title = {{Phosphorylation Energy Hypothesis: Open Chemical Systems and Their Biological Functions}},
journal = {Annu Rev Phys Chem},
year = {2007},
volume = {58},
number = {1},
pages = {113--142},
month = may
}

@article{Escobedo:2009dy,
author = {Escobedo, Fernando A and Borrero, Ernesto E and Araque, Juan C},
title = {{Transition path sampling and forward flux sampling. Applications to biological systems.}},
journal = {J Phys Condens Matter},
year = {2009},
volume = {21},
number = {33},
pages = {333101},
month = aug
}

@article{Swendsen:1986gy,
author = {Swendsen, Robert H and Wang, Jian-Sheng},
title = {{Replica Monte Carlo simulation of spin glasses.}},
journal = {Phys Rev Lett},
year = {1986},
volume = {57},
number = {21},
pages = {2607--2609},
month = nov
}

@article{Gillespie:2007bx,
author = {Gillespie, D T},
title = {{Stochastic simulation of chemical kinetics}},
journal = {Annu Rev Phys Chem},
year = {2007}
}

@article{Springer:1966cy,
author = {Springer, M D and Thompson, W E},
title = {{The distribution of products of independent random variables}},
journal = {SIAM Journal on Applied Mathematics},
year = {1966},
volume = {14},
number = {3},
pages = {511--526}
}

@article{Anonymous:2014kv,
author = {Yue, Zongliang and Wan, Ping and Huang, Hui and Xie, Zhan and Chen, Jake Y},
title = {{SLDR: a computational technique to identify novel genetic regulatory relationships.}},
journal = {BMC Bioinformatics},
year = {2014},
volume = {15 Suppl 11},
number = {Suppl 11},
pages = {S1}
}

@article{Karlebach:2008hr,
author = {Karlebach, Guy and Shamir, Ron},
title = {{Modelling and analysis of gene regulatory networks}},
journal = {Nat Rev Mol Cell Biol},
year = {2008},
volume = {9},
number = {10},
pages = {770--780},
month = sep
}

@article{Banf:2017in,
author = {Banf, Michael and Rhee, Seung Y},
title = {{Computational inference of gene regulatory networks: Approaches, limitations and opportunities}},
journal = {BBA - Gene Regulatory Mechanisms},
year = {2017},
volume = {1860},
number = {1},
pages = {41--52},
month = jan
}

@article{Dama:2014ef,
author = {Dama, James F and Parrinello, Michele and Voth, Gregory A},
title = {{Well-Tempered Metadynamics Converges Asymptotically}},
journal = {Phys Rev Lett},
year = {2014},
volume = {112},
number = {24},
pages = {533--6},
month = jun
}

@book{Ross:1999tr,
author = {Ross, Sheldon M},
title = {{An Introduction to Mathematical Finance}},
publisher = {Cambridge University Press},
year = {1999},
series = {Options and Other Topics},
month = aug
}

@article{Anonymous:2016wg,
author = {Wasserman, Larry},
title = {{Intermediate Statistics Lecture Notes 12}},
year = {2016},
pages = {1--8},
month = oct
}

@book{Wasserman:2006bm,
author = {Wasserman, Larry},
title = {{All of Nonparametric Statistics}},
publisher = {Springer Science {\&} Business Media},
year = {2006},
series = {Springer Texts in Statistics},
address = {New York, NY},
month = sep
}

@article{Vera:2016gm,
author = {Vera, Maria and Biswas, Jeetayu and Senecal, Adrien and Singer, Robert H and Park, Hye Yoon},
title = {{Single-Cell and Single-Molecule Analysis of Gene Expression Regulation}},
journal = {Annu. Rev. Genet.},
year = {2016},
volume = {50},
number = {1},
pages = {267--291},
month = nov
}

@article{Pahle:2008jb,
author = {Pahle, J},
title = {{Biochemical simulations: stochastic, approximate stochastic and hybrid approaches}},
journal = {Briefings in Bioinformatics},
year = {2008},
volume = {10},
number = {1},
pages = {53--64},
month = oct
}

@article{Borrero:2008il,
author = {Borrero, Ernesto E and Escobedo, Fernando A},
title = {{Optimizing the sampling and staging for simulations of rare events via forward flux sampling schemes}},
journal = {J Chem Phys},
year = {2008},
volume = {129},
number = {2},
pages = {024115--024117}
}

@article{Diawara:2013ixa,
author = {Diawara, N and Indika, SH Sathish},
title = {{The Distribution of the Sum of Independent Product of Bernoulli and Exponential}},
journal = {American Journal of {\ldots}},
year = {2013}
}

@book{Tinsley:2000wb,
author = {Tinsley, Howard E A and Brown, Steven D},
title = {{Handbook of Applied Multivariate Statistics and Mathematical Modeling}},
publisher = {Academic Press},
year = {2000},
month = may
}

@article{Escobedo:2009dya,
author = {Escobedo, Fernando A and Borrero, Ernesto E and Araque, Juan C},
title = {{Transition path sampling and forward flux sampling. Applications to biological systems}},
journal = {J Phys Condens Matter},
year = {2009},
volume = {21},
number = {33},
pages = {333101--24},
month = jul
}

@article{Wheeler:1999vu,
author = {Wheeler, Nicholas},
title = {{Dirac Delta Function Identities}},
year = {1999},
pages = {1--18},
month = sep
}

@article{McAdams:1998jm,
author = {McAdams, H H and Arkin, A},
title = {{Simulation of prokaryotic genetic circuits}},
journal = {Annual review of biophysics and {\ldots}},
year = {1998},
volume = {27},
number = {1},
pages = {199--224}
}

@article{Zhou:2012fc,
author = {Zhou, Joseph Xu and Aliyu, M D S and Aurell, Erik and Huang, Sui},
title = {{Quasi-potential landscape in complex multi-stable systems.}},
journal = {J R Soc Interface},
year = {2012},
volume = {9},
number = {77},
pages = {3539--3553},
month = dec
}

@article{Ross:1985iw,
author = {Ross, Sheldon M and Schechner, Zvi},
title = {{Using simulation to estimate first passage distribution}},
journal = {Management Science. Journal of the Institute of Management Science. Application and Theory Series},
year = {1985},
volume = {31},
number = {2},
pages = {224--234}
}

@article{Aldous:1982ev,
author = {Aldous, David J},
title = {{Markov chains with almost exponential hitting times}},
journal = {Stochastic Processes and their Applications},
year = {1982},
volume = {13},
number = {3},
pages = {305--310}
}

@article{Alexander:2011ck,
author = {Alexander, Millard H and Hall, Gregory E and Dagdigian, Paul J},
title = {{The Approach to Equilibrium: Detailed Balance and the Master Equation}},
journal = {J. Chem. Educ.},
year = {2011},
volume = {88},
number = {11},
pages = {1538--1543},
month = nov
}

@article{Allen:2006cp,
author = {Allen, Rosalind J and Frenkel, Daan and ten Wolde, Pieter Rein},
title = {{Simulating rare events in equilibrium or nonequilibrium stochastic systems.}},
journal = {J Chem Phys},
year = {2006},
volume = {124},
number = {2},
pages = {024102},
month = jan
}

@book{Wasserman:2013dt,
author = {Wasserman, Larry},
title = {{All of Statistics}},
publisher = {Springer Science {\&} Business Media},
year = {2013},
series = {A Concise Course in Statistical Inference},
address = {New York, NY},
month = dec
}

@article{Chen:2004en,
author = {Chen, Luonan and Wang, Ruiqi and Kobayashi, Tetsuya J and Aihara, Kazuyuki},
title = {{Dynamics of gene regulatory networks with cell division cycle}},
journal = {Phys Rev E},
year = {2004},
volume = {70},
number = {1},
pages = {339--13},
month = jul
}

@article{Thompson:2015ki,
author = {Thompson, Dawn and Regev, Aviv and Roy, Sushmita},
title = {{Comparative Analysis of Gene Regulatory Networks: From Network Reconstruction to Evolution}},
journal = {Annu. Rev. Cell Dev. Biol.},
year = {2015},
volume = {31},
number = {1},
pages = {399--428},
month = nov
}

@article{Anonymous:2007tn,
title = {{Lecture 3 Properties of MLE: consistency, asymptotic normality. Fisher information.}},
year = {2007},
pages = {1--7},
month = jan
}

@article{Gillespie:2001kg,
author = {Gillespie, D T},
title = {{Approximate accelerated stochastic simulation of chemically reacting systems}},
journal = {J Chem Phys},
year = {2001}
}

@article{Anonymous:8ldJQrjZ,
author = {Wasserman, Larry},
title = {{Intermediate Statistics Lecture Notes 3}},
year = {2016},
pages = {1--6},
month = aug
}

@article{Anonymous:2012vx,
title = {{The product of n mutually independent Bernoulli random variables is Bernoulli}},
year = {2012},
pages = {1--1},
month = may
}

@book{Borrero:2009wj,
author = {Borrero, Ernesto Emmanuel},
title = {{Simulating the kinetics of rare biomolecular events via optimized forward flux sampling methods}},
publisher = {ProQuest LLC, Ann Arbor, MI},
year = {2009}
}

@article{Adelman:2013ii,
author = {Adelman, Joshua L and Grabe, Michael},
title = {{Simulating rare events using a weighted ensemble-based string method}},
journal = {J Chem Phys},
year = {2013},
volume = {138},
number = {4},
pages = {044105--14},
month = jan
}

@article{Cao:2004cu,
author = {Cao, Yang and Li, Hong and Petzold, Linda},
title = {{Efficient formulation of the stochastic simulation algorithm for chemically reacting systems}},
journal = {J Chem Phys},
year = {2004},
volume = {121},
number = {9},
pages = {4059--4067},
month = sep
}

@article{Saunders:2014fj,
author = {Saunders, Marissa G and Tempkin, Jeremy and Weare, Jonathan and Dinner, Aaron R and Roux, Beno{\^\i}t and Voth, Gregory A},
title = {{Nucleotide regulation of the structure and dynamics of G-actin.}},
journal = {Biophys J},
year = {2014},
volume = {106},
number = {8},
pages = {1710--1720},
month = apr
}

@article{Davies:1980go,
author = {Davies, R B},
title = {{Algorithm AS 155: The distribution of a linear combination of $\chi$ 2 random variables}},
journal = {Journal of the Royal Statistical Society Series C ( {\ldots}},
year = {1980},
volume = {29},
number = {3},
pages = {323}
}

@article{Karr:2015ej,
author = {Karr, Jonathan R and Takahashi, Koichi and Funahashi, Akira},
title = {{The principles of whole-cell modeling}},
journal = {Current Opinion in Microbiology},
year = {2015},
volume = {27},
number = {C},
pages = {18--24},
month = oct
}

@article{Borotkanics:2014hw,
author = {Borotkanics, Robert and Lehmann, Harold},
title = {{Network motifs that recur across species, including gene regulatory and protein{\textendash}protein interaction networks}},
journal = {Arch Toxicol},
year = {2014},
volume = {89},
number = {4},
pages = {489--499},
month = may
}

@article{Moradi:2014cr,
author = {Moradi, Mahmoud and Sagui, Celeste and Roland, Christopher},
title = {{Investigating rare events with nonequilibrium work measurements. I. Nonequilibrium transition path probabilities}},
journal = {J Chem Phys},
year = {2014},
volume = {140},
number = {3},
pages = {034114--14},
month = jan
}

@article{Jahnke:2005ii,
author = {Jahnke, Tobias and Huisinga, Wilhelm},
title = {{Solving the chemical master equation for monomolecular reaction systems analytically.}},
journal = {J Math Biol},
year = {2007},
volume = {54},
number = {1},
pages = {1--26},
month = jan
}

@article{Choi:2010ge,
author = {Choi, Paul J and Xie, X Sunney and Shakhnovich, Eugene I},
title = {{Stochastic Switching in Gene Networks Can Occur by a Single-Molecule Event or Many Molecular Steps}},
journal = {J Mol Biol},
year = {2010},
volume = {396},
number = {1},
pages = {230--244},
month = feb
}

@article{Smith:2016gj,
author = {Smith, Tim D and Tse, Margaret J and Read, Elizabeth L and Liu, Wendy F},
title = {{Regulation of macrophage polarization and plasticity by complex activation signals}},
journal = {Integr Biol},
year = {2016},
volume = {8},
pages = {946--955},
month = sep
}

@article{Guttenberg:2012fva,
author = {Guttenberg, Nicholas and Dinner, Aaron R and Weare, Jonathan},
title = {{Steered transition path sampling}},
journal = {J Chem Phys},
year = {2012},
volume = {136},
number = {23},
pages = {234103--12},
month = jun
}

@article{Cai:2007bg,
author = {Cai, Xiaodong},
title = {{Exact stochastic simulation of coupled chemical reactions with delays}},
journal = {J Chem Phys},
year = {2007},
volume = {126},
number = {12},
pages = {124108--9},
month = mar
}

@article{Anonymous:2012tl,
title = {{Bernoulli Distribution}},
year = {2012},
pages = {1--2},
month = dec
}

@article{Anonymous:2010uu,
title = {{Many Random Variables}},
year = {2010},
pages = {1--9},
month = sep
}

@article{Little:2010dw,
author = {Little, John W},
title = {{Evolution of Complex Gene Regulatory Review Circuits by Addition of Refinements}},
journal = {Current Biology},
year = {2010},
volume = {20},
number = {17},
pages = {R724--R734},
month = sep
}

@article{Zhang:2014bu,
author = {Zhang, B and Wolynes, P G},
title = {{Stem cell differentiation as a many-body problem}},
journal = {Proc Natl Acad Sci USA},
year = {2014},
volume = {111},
number = {28},
pages = {10185--10190},
month = jul
}

@article{Rother:2013iv,
author = {Rother, Magdalena and M{\"u}nzner, Ulrike and Thieme, Sebastian and Krantz, Marcus},
title = {{Information content and scalability in signal transduction network reconstruction formats}},
journal = {Mol. BioSyst.},
year = {2013},
volume = {9},
number = {8},
pages = {1993--12}
}

@book{Borovkov:2013hf,
author = {Borovkov, Alexandr A},
title = {{Probability Theory}},
publisher = {Springer Science {\&} Business Media},
year = {2013},
series = {Universitext},
address = {London},
month = jun
}

@article{Alberghina:2012ep,
author = {Alberghina, Lilia and Mavelli, Gabriella and Drovandi, Guido and Palumbo, Pasquale and Pessina, Stefania and Tripodi, Farida and Coccetti, Paola and Vanoni, Marco},
title = {{Cell growth and cell cycle in Saccharomyces cerevisiae: Basic regulatory design and protein{\textendash}protein interaction network}},
journal = {Biotechnology Advances},
year = {2012},
volume = {30},
number = {1},
pages = {52--72},
month = jan
}

@article{Kahn:1951es,
author = {Kahn, Herman and Harris, Theodore E},
title = {{Estimation of particle transmission by random sampling}},
journal = {National Bureau of Standards applied mathematics series},
year = {1951},
volume = {12},
pages = {27--30}
}

@article{Dellago:1998kw,
author = {Dellago, Christoph and Bolhuis, Peter G and Csajka, F{\'e}lix S and Chandler, David},
title = {{Transition path sampling and the calculation of rate constants}},
journal = {J Chem Phys},
year = {1998},
volume = {108},
number = {5},
pages = {1964--15}
}

@book{Riley:2006wb,
author = {Riley, K F and Hobson, M P and Bence, S J},
title = {{Mathematical Methods for Physics and Engineering}},
publisher = {Cambridge University Press},
year = {2006},
series = {A Comprehensive Guide},
month = mar
}

@article{Crooks:2001cf,
author = {Crooks, Gavin E and Chandler, David},
title = {{Efficient transition path sampling for nonequilibrium stochastic dynamics}},
journal = {Phys Rev E},
year = {2001},
volume = {64},
number = {2},
pages = {2718--4},
month = jul
}

@book{Ross:2013tl,
author = {Ross, Sheldon M},
title = {{Simulation}},
publisher = {Academic Press},
year = {2013}
}

@article{Wang:2014hh,
author = {Wang, Y X Rachel and Huang, Haiyan},
title = {{Review on statistical methods for gene network reconstruction using expression data}},
journal = {Journal of Theoretical Biology},
year = {2014},
volume = {362},
number = {C},
pages = {53--61},
month = dec
}

@article{Wu:2013dx,
author = {Wu, Wei and Wang, Jin},
title = {{Potential and flux field landscape theory. I. Global stability and dynamics of spatially dependent non-equilibrium systems}},
journal = {J Chem Phys},
year = {2013},
volume = {139},
number = {12},
pages = {121920}
}

@article{Green:2013cy,
author = {Green, Jason R and Costa, Anthony B and Grzybowski, Bartosz A and Szleifer, Igal},
title = {{Relationship between dynamical entropy and energy dissipation far from thermodynamic equilibrium.}},
journal = {Proc Natl Acad Sci USA},
year = {2013},
volume = {110},
number = {41},
pages = {16339--16343},
month = oct
}

@article{Dickson:2009gt,
author = {Dickson, Alex and Warmflash, Aryeh and Dinner, Aaron R},
title = {{Nonequilibrium umbrella sampling in spaces of many order parameters.}},
journal = {J Chem Phys},
year = {2009},
volume = {130},
number = {7},
pages = {074104},
month = feb
}

@article{Barnes:2016gm,
author = {Barnes, Chris},
title = {{A computational method for the investigation of multistable systems and its application to genetic switches}},
journal = {BMC Systems Biology},
year = {2016},
pages = {1--12},
month = nov
}

@article{Kahn:1953jr,
author = {Kahn, H and Marshall, A W},
title = {{Methods of Reducing Sample Size in Monte Carlo Computations}},
journal = {Journal of the Operations Research Society of America},
year = {1953},
volume = {1},
number = {5},
pages = {263--278},
month = nov
}

@article{Gao:2012gn,
author = {Gao, Y X and Wang, G M and Williams, D R M and Williams, Stephen R and Evans, Denis J and Sevick, E M},
title = {{Non-equilibrium umbrella sampling applied to force spectroscopy of soft matter.}},
journal = {J Chem Phys},
year = {2012},
volume = {136},
number = {5},
pages = {054902},
month = feb
}

@article{Nichols:2011cb,
author = {Nichols, Robert J and Sen, Saunak and Choo, Yoe Jin and Beltrao, Pedro and Zietek, Matylda and Chaba, Rachna and Lee, Sueyoung and Kazmierczak, Krystyna M and Lee, Karis J and Wong, Angela and Shales, Michael and Lovett, Susan and Winkler, Malcolm E and Krogan, Nevan J and Typas, Athanasios and Gross, Carol A},
title = {{Phenotypic Landscape of a Bacterial Cell}},
journal = {Cell},
year = {2011},
volume = {144},
number = {1},
pages = {143--156},
month = jan
}

@article{Kratzer:2014iz,
author = {Kratzer, Kai and Berryman, Joshua T and Taudt, Aaron and Zeman, Johannes and Arnold, Axel},
title = {{The Flexible Rare Event Sampling Harness System (FRESHS)}},
journal = {Computer Physics Communications},
year = {2014},
pages = {1--11},
month = apr
}

@article{Jiang:2013jc,
author = {Jiang, HuiJun and Pu, MingFeng and Hou, ZhongHuai},
title = {{An efficient self-optimized sampling method for rare events in nonequilibrium systems}},
journal = {Sci China Chem},
year = {2013},
volume = {57},
number = {1},
pages = {165--171},
month = nov
}

@article{Anonymous:l8Wu0UAw,
author = {Wasserman, Larry},
title = {{Intermediate Statistics Lecture Notes 1}},
year = {2016},
pages = {1--7},
month = aug
}

@article{Biswas:2002wj,
author = {Biswas, A and Hwang, J S},
title = {{A new bivariate binomial distribution}},
journal = {Statistics {\&} Probability Letters},
year = {2002},
volume = {60},
number = {2},
pages = {231--240}
}

@article{DeJong:2002ft,
author = {De Jong, H},
title = {{Modeling and simulation of genetic regulatory systems: a literature review}},
journal = {Journal of computational biology},
year = {2002},
volume = {9},
number = {1},
pages = {67--103}
}

@article{Kratzer:2013fs,
author = {Kratzer, Kai and Arnold, Axel and Allen, Rosalind J},
title = {{Automatic, optimized interface placement in forward flux sampling simulations}},
journal = {J Chem Phys},
year = {2013},
volume = {138},
number = {16},
pages = {164112--164112}
}

@article{Huber:1996dna,
author = {Huber, G A and Kim, S},
title = {{Weighted-ensemble Brownian dynamics simulations for protein association reactions}},
journal = {Biophys J},
year = {1996},
volume = {70},
number = {1},
pages = {97--110},
month = jan
}

@article{Schultz:2007kw,
author = {Schultz, Daniel and Onuchic, Jos{\'e} N and Wolynes, Peter G},
title = {{Understanding stochastic simulations of the smallest genetic networks}},
journal = {J Chem Phys},
year = {2007},
volume = {126},
number = {24},
pages = {245102}
}

@booklet{Liu:TCRsy2ME,
title = {{Computational modeling of signaling networks}},
author = {Liu, X and Betterton, M D},
year = {2012}
}

@article{Sorek:2013hu,
author = {Sorek, Matan and Balaban, Nathalie Q and Loewenstein, Yonatan},
title = {{Stochasticity, Bistability and the Wisdom of Crowds: A Model for Associative Learning in Genetic Regulatory Networks}},
journal = {PLoS Comput Biol},
year = {2013},
volume = {9},
number = {8},
pages = {e1003179--16},
month = aug
}

@article{PerezHernandez:2013ih,
author = {P{\'e}rez-Hern{\'a}ndez, Guillermo and Paul, Fabian and Giorgino, Toni and De Fabritiis, Gianni and No{\'e}, Frank},
title = {{Identification of slow molecular order parameters for Markov model construction}},
journal = {J Chem Phys},
year = {2013},
volume = {139},
number = {1},
pages = {015102--14},
month = jul
}

@article{Huber:1996dnb,
author = {Huber, G A and Kim, S},
title = {{Weighted-ensemble Brownian dynamics simulations for protein association reactions}},
journal = {Biophys J},
year = {1996},
volume = {70},
number = {1},
pages = {97--110},
month = jan
}

@article{2002ARPC...53..291B,
author = {Bolhuis, Peter G and Chandler, David and Dellago, Christoph and Geissler, Phillip L},
title = {{Transition path sampling: throwing ropes over rough mountain passes, in the dark.}},
journal = {Annu Rev Phys Chem},
year = {2002},
volume = {53},
pages = {291--318},
month = jan
}

@article{Li:2014iw,
author = {Li, Chunhe and Wang, Jin},
title = {{Landscape and flux reveal a new global view and physical quantification of mammalian cell cycle.}},
journal = {Proc Natl Acad Sci USA},
year = {2014},
volume = {111},
number = {39},
pages = {14130--14135},
month = sep
}

@article{Zwier:2016fx,
author = {Zwier, Matthew C and Pratt, Adam J and Adelman, Joshua L and Kaus, Joseph W and Zuckerman, Daniel M and Chong, Lillian T},
title = {{Efficient Atomistic Simulation of Pathways and Calculation of Rate Constants for a Protein{\textendash}Peptide Binding Process: Application to the MDM2 Protein and an Intrinsically Disordered p53 Peptide}},
journal = {J Phys Chem Lett},
year = {2016},
volume = {7},
number = {17},
pages = {3440--3445},
month = aug
}

@article{Aroian:1947ey,
author = {Aroian, Leo A},
title = {{The probability function of the product of two normally distributed variables}},
journal = {Annals of Mathematical Statistics},
year = {1947},
volume = {18},
number = {2},
pages = {265--271}
}

@article{Muraro:2016hs,
author = {Muraro, Mauro J and Dharmadhikari, Gitanjali and Gr{\"u}n, Dominic and Groen, Nathalie and Dielen, Tim and Jansen, Erik and van Gurp, Leon and Engelse, Marten A and Carlotti, Francoise and de Koning, Eelco J P and van Oudenaarden, Alexander},
title = {{A Single-Cell Transcriptome Atlas of the Human Pancreas}},
journal = {Cell Systems},
year = {2016},
volume = {3},
number = {4},
pages = {385--394.e3},
month = oct
}

@article{Allen:2009kb,
author = {Allen, Rosalind J and Valeriani, Chantal and Rein ten Wolde, Pieter},
title = {{Forward flux sampling for rare event simulations.}},
journal = {J Phys Condens Matter},
year = {2009},
volume = {21},
number = {46},
pages = {463102},
month = nov
}

@article{Qian:2010if,
author = {Qian, Hong and Bishop, Lisa M},
title = {{The Chemical Master Equation Approach to Nonequilibrium Steady-State of Open Biochemical Systems: Linear Single-Molecule Enzyme Kinetics and Nonlinear Biochemical Reaction Networks}},
journal = {IJMS},
year = {2010},
volume = {11},
number = {9},
pages = {3472--3500},
month = sep
}

@article{Parfitt:2014bk,
author = {Parfitt, D E and Shen, M M},
title = {{From blastocyst to gastrula: gene regulatory networks of embryonic stem cells and early mouse embryogenesis}},
journal = {Philosophical Transactions of the Royal Society B: Biological Sciences},
year = {2014},
volume = {369},
number = {1657},
pages = {20130542--20130542},
month = oct
}

@article{Rubi:2015iya,
author = {Rubi, J},
title = {{Mesoscopic Thermodynamics for the Dynamics of Small-Scale Systems}},
journal = {Entropy},
year = {2015},
volume = {17},
number = {10},
pages = {7201--7212},
month = oct
}

@article{Hizanidis:2002uh,
author = {Hizanidis, J},
title = {{The master equation}},
journal = {University of Berlin},
year = {2002}
}

@book{Rao:2009tq,
author = {Rao, C Radhakrishna},
title = {{Linear Statistical Inference and its Applications}},
publisher = {John Wiley {\&} Sons},
year = {2009},
month = sep
}

@book{IyerBiswas:2016ku,
author = {Iyer-Biswas, Srividya and Zilman, Anton},
title = {{First-Passage Processes in Cellular Biology}},
publisher = {John Wiley {\&} Sons, Inc},
year = {2016},
series = {Rice/Advances in Chemical Physics},
address = {Hoboken, NJ}
}

@article{Banfalvi:2011wf,
author = {Banfalvi, G},
title = {{Cell cycle synchronization}},
journal = {Cell Cycle Synchronization},
year = {2011}
}

@article{Raval:2015di,
author = {Raval, Alpan and Piana, Stefano and Eastwood, Michael P and Shaw, David E},
title = {{Assessment of the utility of contact-based restraints in accelerating the prediction of protein structure using molecular dynamics simulations}},
journal = {Protein Science},
year = {2015},
volume = {25},
number = {1},
pages = {19--29},
month = aug
}

@article{Palmer:2016gm,
author = {Palmer, A Richard},
title = {{What determines direction of asymmetry: genes, environment or chance?}},
journal = {Philosophical Transactions of the Royal Society B: Biological Sciences},
year = {2016},
volume = {371},
number = {1710},
pages = {20150417--16},
month = nov
}

@article{deRonde:2012fsa,
author = {de Ronde, W H and Tostevin, F and ten Wolde, P R},
title = {{Feed-forward loops and diamond motifs lead to tunable transmission of information in the frequency domain}},
journal = {Phys Rev E},
year = {2012},
volume = {86},
number = {2},
pages = {379--24},
month = aug
}

@article{Zamborszky:2014ej,
author = {Z{\'a}mborszky, Judit and Csik{\'a}sz-Nagy, Attila and Hong, Christian I},
title = {{Neurospora crassa as a model organism to explore the interconnected network of the cell cycle and the circadian clock.}},
journal = {Fungal Genet. Biol.},
year = {2014},
volume = {71},
pages = {52--57},
month = oct
}

@article{Li:2011kz,
author = {Li, Gene-Wei and Xie, X Sunney},
title = {{Central dogma at the single-molecule level in living cells}},
journal = {Nature},
year = {2011},
volume = {475},
number = {7356},
pages = {308--315},
month = jul
}

@article{Cheng:2011dx,
author = {Cheng, Chao and Yan, Koon-Kiu and Hwang, Woochang and Qian, Jiang and Bhardwaj, Nitin and Rozowsky, Joel and Lu, Zhi John and Niu, Wei and Alves, Pedro and Kato, Masaomi and Snyder, Michael and Gerstein, Mark},
title = {{Construction and Analysis of an Integrated Regulatory Network Derived from High-Throughput Sequencing Data}},
journal = {PLoS Comput Biol},
year = {2011},
volume = {7},
number = {11},
pages = {e1002190--15},
month = nov
}

@article{Kastner:2011ft,
author = {K{\"a}stner, J},
title = {{Umbrella sampling}},
journal = {Wiley Interdisciplinary Reviews: Computational {\ldots}},
year = {2011}
}

@article{Leake:2016jq,
author = {Leake, Mark C},
title = {{The Biophysics of Infection.}},
journal = {Adv. Exp. Med. Biol.},
year = {2016},
volume = {915},
number = {1611},
pages = {1--3}
}

@article{2000PNAS...97.2075H,
author = {Hasty, J and Pradines, J and Dolnik, M and Collins, J J},
title = {{Noise-based switches and amplifiers for gene expression.}},
journal = {Proc Natl Acad Sci USA},
year = {2000},
volume = {97},
number = {5},
pages = {2075--2080},
month = feb
}

@article{Wang:2010dj,
author = {Wang, Jin and Xu, Li and Wang, Erkang and Huang, Sui},
title = {{The Potential Landscape of Genetic Circuits Imposes the Arrow of Time in Stem Cell Differentiation}},
journal = {Biophys J},
year = {2010},
volume = {99},
number = {1},
pages = {29--39},
month = jul
}

@article{CARMONA:1983vh,
author = {CARMONA, R and KLEIN, A},
title = {{Exponential Moments for Hitting Times of Uniformly Ergodic Markov-Processes}},
journal = {Annals of Probability},
year = {1983},
volume = {11},
number = {3},
pages = {648--655}
}

@article{Anonymous:40Xd6tNH,
author = {Wasserman, Larry},
title = {{Intermediate Statistics Lecture Notes 6}},
year = {2016},
pages = {1--3},
month = sep
}

@article{Dickson:2009fua,
author = {Dickson, Alex and Warmflash, Aryeh and Dinner, Aaron R},
title = {{Separating forward and backward pathways in nonequilibrium umbrella sampling}},
journal = {J Chem Phys},
year = {2009},
volume = {131},
number = {15},
pages = {154104--11},
month = oct
}

@article{Moroni:2005ie,
author = {Moroni, Daniele and van Erp, Titus and Bolhuis, Peter},
title = {{Simultaneous computation of free energies and kinetics of rare events}},
journal = {Phys Rev E},
year = {2005},
volume = {71},
number = {5},
pages = {056709},
month = may
}

@article{Moradi:2014fv,
author = {Moradi, Mahmoud and Sagui, Celeste and Roland, Christopher},
title = {{Investigating rare events with nonequilibrium work measurements. II. Transition and reaction rates}},
journal = {J Chem Phys},
year = {2014},
volume = {140},
number = {3},
pages = {034115--23},
month = jan
}

@article{Dettmann:2009ko,
author = {Dettmann, Carl P and Georgiou, Orestis},
title = {{Product of n independent uniform random variables}},
journal = {Statistics {\&} Probability Letters},
year = {2009},
volume = {79},
number = {24},
pages = {2501--2503}
}

@article{Uriu:2016cu,
author = {Uriu, Koichiro},
title = {{Genetic oscillators in development}},
journal = {Develop. Growth Differ.},
year = {2016},
volume = {58},
number = {1},
pages = {16--30},
month = jan
}

@article{Anonymous:yy-6Mjed,
author = {Wasserman, Larry},
title = {{Intermediate Statistics Lecture Notes 7}},
year = {2016},
pages = {1--7},
month = sep
}

@article{Donovan:2016bi,
author = {Donovan, Rory M and Tapia, Jose-Juan and Sullivan, Devin P and Faeder, James R and Murphy, Robert F and Dittrich, Markus and Zuckerman, Daniel M},
title = {{Unbiased Rare Event Sampling in Spatial Stochastic Systems Biology Models Using a Weighted Ensemble of Trajectories}},
journal = {PLoS Comput Biol},
year = {2016},
volume = {12},
number = {2},
pages = {e1004611--25},
month = feb
}

@article{Martiniani:2016bt,
author = {Martiniani, Stefano and Schrenk, K Julian and Stevenson, Jacob D and Wales, David J and Frenkel, Daan},
title = {{Structural analysis of high-dimensional basins of attraction}},
journal = {Phys Rev E},
year = {2016},
volume = {94},
number = {3},
pages = {031301--031305},
month = sep
}

@book{Harold:2003uu,
author = {Harold, F},
title = {{The Way of the Cell: Molecules, Organisms, and the Order of Life}},
publisher = {Oxford University Press, USA},
year = {2003}
}

@article{Smith:2017ji,
author = {Smith, Rosanna C G and Stumpf, Patrick S and Ridden, Sonya J and Sim, Aaron and Filippi, Sarah and Harrington, Heather A and Ben D MacArthur},
title = {{Nanog Fluctuations in Embryonic Stem Cells Highlight the Problem of Measurement in Cell Biology}},
journal = {Biophys J},
year = {2017},
volume = {112},
number = {12},
pages = {2641--2652},
month = jun
}

@article{Anonymous:6Is9-sQ3,
author = {Wasserman, Larry},
title = {{Intermediate Statistics Lecture Notes 10}},
year = {2016},
pages = {1--9},
month = oct
}

@phdthesis{Griffin:1992tw,
author = {Griffin, Tralissa F},
title = {{Distribution of the ratio of two poisson random variables}},
year = {1992},
month = aug
}

@article{Dickson:2010gf,
author = {Dickson, Alex and Dinner, Aaron R},
title = {{Enhanced sampling of nonequilibrium steady states.}},
journal = {Annu Rev Phys Chem},
year = {2010},
volume = {61},
number = {1},
pages = {441--459}
}

@article{Fukaya:2016fv,
author = {Fukaya, Takashi and Lim, Bomyi and Levine, Michael},
title = {{Enhancer Control of Transcriptional Bursting.}},
journal = {Cell},
year = {2016},
volume = {166},
number = {2},
pages = {358--368},
month = jul
}

@article{Hinman:2014bo,
author = {Hinman, Veronica F and Cheatle Jarvela, Alys M},
title = {{Developmental gene regulatory network evolution: Insights from comparative studies in echinoderms}},
journal = {genesis},
year = {2014},
volume = {52},
number = {3},
pages = {193--207},
month = mar
}

@article{Huber:1996dn,
author = {Huber, G A and Kim, S},
title = {{Weighted-ensemble Brownian dynamics simulations for protein association reactions.}},
journal = {Biophys J},
year = {1996},
volume = {70},
number = {1},
pages = {97--110},
month = jan
}

@article{Newey:1994hda,
author = {Newey, W K},
title = {{The asymptotic variance of semiparametric estimators}},
journal = {Econometrica: Journal of the Econometric Society},
year = {1994},
volume = {62},
number = {6},
pages = {1349}
}

