%% Created using Papers on Fri, 25 Jan 2019.
%% http://papersapp.com/papers/

@article{Wang:2011hz,
author = {Wang, Jin and Zhang, Kun and Xu, Li and Wang, Erkang},
title = {{Quantifying the Waddington landscape and biological paths for development and differentiation.}},
journal = {Proc Natl Acad Sci USA},
year = {2011},
volume = {108},
number = {20},
pages = {8257--8262},
month = may
}

@article{Roberts:2015iu,
author = {Roberts, Elijah and Be'er, Shay and Bohrer, Chris and Sharma, Rati and Assaf, Michael},
title = {{Dynamics of simple gene-network motifs subject to extrinsic fluctuations}},
journal = {Phys Rev E},
year = {2015},
volume = {92},
number = {6},
pages = {062717--14},
month = dec
}

@article{Miao:2016fm,
author = {Miao, Yinglong and McCammon, J Andrew},
title = {{Unconstrained enhanced sampling for free energy calculations of biomolecules: a review}},
journal = {Molecular Simulation},
year = {2016},
volume = {42},
number = {13},
pages = {1046--1055},
month = jul
}

@article{Whitelam:2018kj,
author = {Whitelam, Stephen},
title = {{Multi-point nonequilibrium umbrella sampling and associated fluctuation relations}},
journal = {J. Stat. Mech.},
year = {2018},
volume = {2018},
number = {6},
pages = {063211},
month = jun
}

@article{Turcotte:2016dja,
author = {Turcotte, Marc},
title = {{Delineating the respective impacts of stochastic curl- and grad-forces in a family of idealized core genetic commitment circuits}},
journal = {Quant Biol},
year = {2016},
volume = {4},
number = {2},
pages = {69--83},
month = may
}

@article{Kauffman:2015fn,
author = {Kauffman, Stuart A and Gare, Arran},
title = {{Beyond Descartes and Newton: Recovering life and humanity}},
journal = {Progress in Biophysics and Molecular Biology},
year = {2015},
volume = {119},
number = {3},
pages = {219--244},
month = dec
}

@article{EmmertStreib:2010ho,
author = {Emmert-Streib, Frank and Glazko, Galina V},
title = {{Network biology: a direct approach to study biological function}},
journal = {Wiley Interdiscip Rev Syst Biol Med},
year = {2010},
volume = {3},
number = {4},
pages = {379--391},
month = dec
}

@article{VandenEijnden:2009jh,
author = {Vanden-Eijnden, Eric and Venturoli, Maddalena},
title = {{Exact rate calculations by trajectory parallelization and tilting}},
journal = {J Chem Phys},
year = {2009},
volume = {131},
number = {4},
pages = {044120},
month = jul
}

@article{Zuckerman:2017eq,
author = {Zuckerman, Daniel M and Chong, Lillian T},
title = {{Weighted Ensemble Simulation: Review of Methodology, Applications, and Software}},
journal = {Annu Rev Biophys},
year = {2017},
volume = {46},
number = {1},
pages = {43--57},
month = may
}

@article{Sato:2018eb,
author = {Sato, Naoki},
title = {{{\textquotedblleft}Life-bearing molecules{\textquotedblright} versus {\textquotedblleft}life-embodying systems{\textquotedblright}: Two contrasting views on the what-is-life (WIL) problem persisting from the early days of molecular biology to the post-genomic cell- and organism-level biology}},
journal = {BioSystems},
year = {2018},
volume = {167},
pages = {24--32},
month = may
}

@article{Lok:2005ii,
author = {Lok, Larry and Brent, Roger},
title = {{Automatic generation of cellular reaction networks with Moleculizer 1.0}},
journal = {Nat Biotechnol},
year = {2005},
volume = {23},
number = {1},
pages = {131--136},
month = jan
}

@article{Cherry:2012bp,
author = {Cherry, Anne B C and Daley, George Q},
title = {{Reprogramming Cellular Identity for Regenerative Medicine}},
journal = {Cell},
year = {2012},
volume = {148},
number = {6},
pages = {1110--1122},
month = mar
}

@article{Staines:2011vj,
author = {Staines, A Spiteri},
title = {{Rewriting Petri Nets as Directed Graphs}},
journal = {International Journal of Computers},
year = {2011},
volume = {5},
number = {2},
pages = {289--297},
month = mar
}

@article{Wallace:2010wr,
author = {Wallace, Edward W J},
title = {{A simplified derivation of the Linear Noise Approximation}},
year = {2010},
eprint = {1004.4280},
eprinttype = {arxiv},
month = apr
}

@article{Balazsi:2011bw,
author = {Bal{\'a}zsi, G{\'a}bor G and van Oudenaarden, Alexander A and Collins, James J JJ},
title = {{Cellular Decision Making and Biological Noise: From Microbes to Mammals}},
journal = {Cell},
year = {2011},
volume = {144},
number = {6},
pages = {910--925},
month = mar
}

@book{Gillespie:1992wf,
author = {Gillespie, Daniel T},
title = {{Markov processes : an introduction for physical scientists}},
publisher = {Academic Press},
year = {1992},
address = {Boston}
}

@article{Blaak:2005cz,
author = {Blaak, R and L{\"o}wen, H},
title = {{Umbrella sampling in non-equilibrium computer simulations}},
journal = {Computer Physics Communications},
year = {2005}
}

@article{vanErp:2003ik,
author = {van Erp, Titus S and Moroni, Daniele and Bolhuis, Peter G},
title = {{A novel path sampling method for the calculation of rate constants}},
journal = {J Chem Phys},
year = {2003},
volume = {118},
number = {17},
pages = {7762--7713}
}

@article{vanErp:2008ji,
author = {van Erp, Titus S},
title = {{Efficient path sampling on multiple reaction channels}},
journal = {Computer Physics Communications},
year = {2008},
volume = {179},
number = {1-3},
pages = {34--40},
month = jul
}

@article{FerrellJr:2012fe,
author = {Ferrell Jr, James E},
title = {{Bistability, Bifurcations, and Waddington{\textquoteright}s Review Epigenetic Landscape}},
journal = {Current Biology},
year = {2012},
volume = {22},
number = {11},
pages = {R458--R466},
month = jun
}

@article{Kahn:1953az,
author = {Kahn, H and Marshall, A W},
title = {{Methods of Reducing Sample Size in Monte Carlo Computations}},
journal = {OR},
year = {1953},
volume = {1},
number = {5},
pages = {263--278},
month = nov
}

@article{Chong:2017bv,
author = {Chong, Lillian T and Saglam, Ali S and Zuckerman, Daniel M},
title = {{Path-sampling strategies for simulating rare events in biomolecular systems}},
journal = {Curr Opin Struct Biol},
year = {2017},
volume = {43},
pages = {88--94},
month = apr
}

@article{Gillespie:1976bj,
author = {Gillespie, D T},
title = {{A general method for numerically simulating the stochastic time evolution of coupled chemical reactions}},
journal = {J Comput Phys},
year = {1976},
volume = {22},
number = {4},
pages = {403--434}
}

@article{Souaille:2001gm,
author = {Souaille, Marc and Roux, Benoı̂t},
title = {{Extension to the weighted histogram analysis method: combining umbrella sampling with free energy calculations}},
journal = {Computer Physics Communications},
year = {2001},
volume = {135},
number = {1},
pages = {40--57},
month = mar
}

@article{vanErp:2005jua,
author = {van Erp, Titus S and Bolhuis, Peter G},
title = {{Elaborating transition interface sampling methods}},
journal = {J Comput Phys},
year = {2005},
volume = {205},
number = {1},
pages = {157--181},
month = may
}

@article{Rosenfeld:2002ke,
author = {Rosenfeld, Nitzan and Elowitz, Michael B and Alon, Uri},
title = {{Negative Autoregulation Speeds the Response Times of Transcription Networks}},
journal = {J Mol Biol},
year = {2002},
volume = {323},
number = {5},
pages = {785--793},
month = nov
}

@article{Alon:2007ca,
author = {Alon, Uri},
title = {{Network motifs: theory and experimental approaches}},
journal = {Nat Rev Genet},
year = {2007},
volume = {8},
number = {6},
pages = {450--461},
month = jun
}

@article{Zhang:2010kfa,
author = {Zhang, Bin W and Jasnow, David and Zuckerman, Daniel M},
title = {{The {\textquotedblleft}weighted ensemble{\textquotedblright} path sampling method is statistically exact for a broad class of stochastic processes and binning procedures}},
journal = {J Chem Phys},
year = {2010},
volume = {132},
number = {5},
pages = {054107--8},
month = feb
}

@article{Gillespie:2013kk,
author = {Gillespie, Daniel T and Hellander, Andreas and Petzold, Linda R},
title = {{Perspective: Stochastic algorithms for chemical kinetics}},
journal = {J Chem Phys},
year = {2013},
volume = {138},
number = {17},
pages = {170901--15},
month = may
}

@article{Valeriani:2007hv,
author = {Valeriani, Chantal and Allen, Rosalind J and Morelli, Marco J and Frenkel, Daan and Rein ten Wolde, Pieter},
title = {{Computing stationary distributions in equilibrium and nonequilibrium systems with forward flux sampling.}},
journal = {J Chem Phys},
year = {2007},
volume = {127},
number = {11},
pages = {114109},
month = sep
}

@article{Elowitz:2002hb,
author = {Elowitz, M B},
title = {{Stochastic Gene Expression in a Single Cell}},
journal = {Science},
year = {2002},
volume = {297},
number = {5584},
pages = {1183--1186},
month = aug
}

@article{ArandaAnzaldo:2018bf,
author = {Aranda-Anzaldo, Armando and Dent, Myrna A R},
title = {{Landscaping the epigenetic landscape of cancer}},
journal = {Progress in Biophysics and Molecular Biology},
year = {2018},
pages = {1--20},
month = jun
}

@article{Ramstead:2018cn,
author = {Ramstead, Maxwell James D{\'e}sormeau and Badcock, Paul Benjamin and Friston, Karl John},
title = {{Answering Schr{\"o}dinger{\textquoteright}s question: A free-energy formulation}},
journal = {Physics of Life Reviews},
year = {2018},
volume = {24},
pages = {1--16},
month = mar
}

@book{Waddington:1957ub,
author = {Waddington, Conrad Hall},
title = {{The Strategy of the Genes : a Discussion of Some Aspects of Theoretical Biology}},
publisher = {Allen and Unwin},
year = {1957},
address = {London}
}

@article{Xu:2016dw,
author = {Xu, Li and Chu, Xiakun and Yan, Zhiqiang and Zheng, Xiliang and Zhang, Kun and Zhang, Feng and Yan, Han and Wu, Wei and Wang, Jin},
title = {{Uncovering the underlying physical mechanisms of biological systems via quantification of landscape and flux}},
journal = {Chinese Phys. B},
year = {2016},
volume = {25},
number = {1},
pages = {016401--27},
month = jan
}

@article{Turing:1952df,
author = {Turing, A M},
title = {{The Chemical Basis of Morphogenesis}},
journal = {Philosophical Transactions of the Royal Society of London. Series B, Biological Sciences},
year = {1952},
volume = {237},
number = {641},
pages = {37--72},
month = aug
}

@article{Li:2014ho,
author = {Li, Chunhe and Wang, Jin},
title = {{Quantifying the underlying landscape and paths of cancer.}},
journal = {J R Soc Interface},
year = {2014},
volume = {11},
number = {100},
pages = {20140774--20140774},
month = nov
}

@article{Cerou:2007io,
author = {C{\'e}rou, Fr{\'e}d{\'e}ric and Guyader, Arnaud},
title = {{Adaptive Multilevel Splitting for Rare Event Analysis}},
journal = {Stochastic Analysis and Applications},
year = {2007},
volume = {25},
number = {2},
pages = {417--443},
month = feb
}

@article{Dickson:2011ei,
author = {Dickson, Alex and Maienschein-Cline, Mark and Tovo-Dwyer, Allison and Hammond, Jeff R and Dinner, Aaron R},
title = {{Flow-Dependent Unfolding and Refolding of an RNA by Nonequilibrium Umbrella Sampling.}},
journal = {J Chem Theory Comput},
year = {2011},
volume = {7},
number = {9},
pages = {2710--2720},
month = sep
}

@article{Warmflash:2007dz,
author = {Warmflash, Aryeh and Bhimalapuram, Prabhakar and Dinner, Aaron R},
title = {{Umbrella sampling for nonequilibrium processes.}},
journal = {J Chem Phys},
year = {2007},
volume = {127},
number = {15},
pages = {154112},
month = oct
}

@article{vonNeumann:1951fe,
author = {von Neumann, John},
title = {{Various Techniques Used in Connection with Random Digits}},
journal = {Nat Bur Stand Math},
year = {1951},
volume = {12},
pages = {36--38}
}

@article{Luo:2017iw,
author = {Luo, Xiaosheng and Xu, Liufang and Han, Bo and Wang, Jin},
title = {{Funneled potential and flux landscapes dictate the stabilities of both the states and the flow: Fission yeast cell cycle}},
journal = {PLoS Comput Biol},
year = {2017},
volume = {13},
number = {9},
pages = {e1005710--31},
month = sep
}

@article{Allen:2006ch,
author = {Allen, Rosalind J and Frenkel, Daan and ten Wolde, Pieter Rein},
title = {{Forward flux sampling-type schemes for simulating rare events: efficiency analysis.}},
journal = {J Chem Phys},
year = {2006},
volume = {124},
number = {19},
pages = {194111},
month = may
}

@book{Schrodinger:2012vd,
author = {Schrodinger, Erwin},
title = {{What is Life?}},
publisher = {Cambridge University Press},
year = {2012},
series = {With Mind and Matter and Autobiographical Sketches},
month = mar
}

@webpage{Anonymous:A8DiaSUS,
title = {{02e7e52d3db120008e000000.pdf}},
url = {https://www.researchgate.net/profile/Peter_Kloeden/publication/231971342_The_numerical_solution_of_stochastic_differential_equations/links/02e7e52d3db120008e000000.pdf}
}

@article{Thiede:2016bxa,
author = {Thiede, Erik H and Van Koten, Brian and Weare, Jonathan and Dinner, Aaron R},
title = {{Eigenvector method for umbrella sampling enables error analysis}},
journal = {J Chem Phys},
year = {2016},
volume = {145},
number = {8},
pages = {084115--16},
month = aug
}

@article{Bernardi:2015ij,
author = {Bernardi, Rafael C and Melo, Marcelo C R and Schulten, Klaus},
title = {{Enhanced sampling techniques in molecular dynamics simulations of biological systems}},
journal = {BBA - General Subjects},
year = {2015},
volume = {1850},
number = {5},
pages = {872--877},
month = may
}

@article{Feng:2015gl,
author = {Feng, Haoyun and Costaouec, Ronan and Darve, Eric and Izaguirre, Jes{\'u}s A},
title = {{A comparison of weighted ensemble and Markov state model methodologies}},
journal = {J Chem Phys},
year = {2015},
volume = {142},
number = {21},
pages = {214113--13},
month = jun
}

@article{Becker:2012ej,
author = {Becker, Nils B and ten Wolde, Pieter Rein},
title = {{Rare switching events in non-stationary systems.}},
journal = {J Chem Phys},
year = {2012},
volume = {136},
number = {17},
pages = {174119},
month = may
}

@article{Weitz:2014eo,
author = {Weitz, Maximilian and Kim, Jongmin and Kapsner, Korbinian and Winfree, Erik and Franco, Elisa and Simmel, Friedrich C},
title = {{Diversity in the dynamical behaviour of a compartmentalized programmable biochemical oscillator}},
journal = {Nature Chemistry},
year = {2014},
volume = {6},
number = {4},
pages = {295--302},
month = feb
}

@article{Norris:2012fj,
author = {Norris, Vic and Engel, Maurice and Demarty, Maurice},
title = {{Modelling Biological Systems with Competitive Coherence}},
journal = {Advances in Artificial Neural Systems},
year = {2012},
volume = {2012},
number = {12},
pages = {1--20}
}

@article{Sharma:2016gw,
author = {Sharma, Rati and Roberts, Elijah},
title = {{Gradient sensing by a bistable regulatory motif enhances signal amplification but decreases accuracy in individual cells}},
journal = {Phys Biol},
year = {2016},
volume = {13},
number = {3},
pages = {036003--16},
month = jun
}

@incollection{Fusco:2014go,
author = {Fusco, Giuseppe and Carrer, Roberto and Serrelli, Emanuele},
title = {{The landscape metaphor in development}},
booktitle = {Towards a Theory of Development},
year = {2014},
pages = {114--128},
publisher = {Oxford University Press},
month = may
}

@book{Lotka:1925tu,
author = {Lotka, Alfred J},
title = {{Elements of Physical Biology}},
publisher = {Williams and Wilkins},
year = {1925},
month = feb
}

@article{Becker:2012fl,
author = {Becker, Nils B and Allen, Rosalind J and ten Wolde, Pieter Rein},
title = {{Non-stationary forward flux sampling.}},
journal = {J Chem Phys},
year = {2012},
volume = {136},
number = {17},
pages = {174118},
month = may
}

@article{Reddy:1993va,
author = {Reddy, V N and Mavrovouniotis, M L and Liebman, M N},
title = {{Petri net representations in metabolic pathways}},
journal = {Proc Int Conf Intell Syst Mol Biol},
year = {1993},
volume = {1},
pages = {328--336}
}

@article{Kumar:1992bv,
author = {Kumar, Shankar and Rosenberg, John M and Bouzida, Djamal and Swendsen, Robert H and Kollman, Peter A},
title = {{THE weighted histogram analysis method for free-energy calculations on biomolecules. I. The method}},
journal = {J Comput Chem},
year = {1992},
volume = {13},
number = {8},
pages = {1011--1021},
month = oct
}

@article{Zhang:2018cq,
author = {Zhang, Kun and Wang, Jin},
title = {{Exploring the Underlying Mechanisms of the Xenopus laevis Embryonic Cell Cycle}},
journal = {J Phys Chem B},
year = {2018},
volume = {122},
number = {21},
pages = {5487--5499},
month = jan
}

@article{Chaouiya:2008gx,
author = {Chaouiya, Claudine and Remy, Elisabeth and Thieffry, Denis},
title = {{Petri net modelling of biological regulatory networks}},
journal = {Journal of Discrete Algorithms},
year = {2008},
volume = {6},
number = {2},
pages = {165--177},
month = jun
}

@article{Gillespie:1981fo,
author = {Gillespie, Daniel T},
title = {{On the calculation of mean first passage times for simple random walks}},
journal = {J Chem Phys},
year = {1981},
volume = {74},
number = {9},
pages = {5295--5299},
month = may
}

@article{Bhatt:2010df,
author = {Bhatt, Divesh and Zhang, Bin W and Zuckerman, Daniel M},
title = {{Steady-state simulations using weighted ensemble path sampling.}},
journal = {J Chem Phys},
year = {2010},
volume = {133},
number = {1},
pages = {014110},
month = jul
}

@article{Ozbudak:2002iq,
author = {Ozbudak, Ertugrul M and Thattai, Mukund and Kurtser, Iren and Grossman, Alan D and van Oudenaarden, Alexander},
title = {{Regulation of noise in the expression of a single gene.}},
journal = {Nat Genet},
year = {2002},
volume = {31},
number = {1},
pages = {69--73},
month = may
}

@article{Goutsias:2013gz,
author = {Goutsias, J and Jenkinson, G},
title = {{Physics Reports}},
journal = {Physics Reports},
year = {2013},
volume = {529},
number = {2},
pages = {199--264},
month = aug
}

@book{Wilkinson:2012tt,
author = {Wilkinson, Darren J},
title = {{Stochastic Modelling for Systems Biology, Second Edition}},
publisher = {CRC Press},
year = {2012},
month = nov
}

@article{Tempkin:2016uf,
author = {Tempkin, Jeremy O B and Van Koten, Brian and Mattingly, Jonathan C and Dinner, Aaron R and Weare, Jonathan},
title = {{Trajectory stratification of stochastic dynamics}},
journal = {arXiv},
year = {2016},
eprint = {1610.09426v1},
eprinttype = {arxiv},
eprintclass = {cond-mat.stat-mech},
month = oct
}

@book{Baron:2017tf,
author = {Baron, Peters},
title = {{Reaction Rate Theory and Rare Events}},
publisher = {Elsevier B.V.},
year = {2017},
edition = {First edition}
}

@article{Donovan:2013gz,
author = {Donovan, Rory M and Sedgewick, Andrew J and Faeder, James R and Zuckerman, Daniel M},
title = {{Efficient stochastic simulation of chemical kinetics networks using a weighted ensemble of trajectories.}},
journal = {J Chem Phys},
year = {2013},
volume = {139},
number = {11},
pages = {115105},
month = sep
}

@article{Keane:2011kr,
author = {Keane, Thomas M and Goodstadt, Leo and Danecek, Petr and White, Michael A and Wong, Kim and Yalcin, Binnaz and Heger, Andreas and Agam, Avigail and Slater, Guy and Goodson, Martin and Furlotte, Nicholas A and Eskin, Eleazar and Nell{\aa}ker, Christoffer and Whitley, Helen and Cleak, James and Janowitz, Deborah and Hernandez-Pliego, Polinka and Edwards, Andrew and Belgard, T Grant and Oliver, Peter L and McIntyre, Rebecca E and Bhomra, Amarjit and Nicod, J{\'e}r{\^o}me and Gan, Xiangchao and Yuan, Wei and van der Weyden, Louise and Steward, Charles A and Bala, Sendu and Stalker, Jim and Mott, Richard and Durbin, Richard and Jackson, Ian J and Czechanski, Anne and Guerra-Assun{\c c}{\~a}o, Jos{\'e} Afonso and Donahue, Leah Rae and Reinholdt, Laura G and Payseur, Bret A and Ponting, Chris P and Birney, Ewan and Flint, Jonathan and Adams, David J},
title = {{Mouse genomic variation and its effect on phenotypes and gene regulation}},
journal = {Nature},
year = {2011},
volume = {477},
number = {7364},
pages = {289--294},
month = sep
}

@article{Ahrends:2014bm,
author = {Ahrends, R and Ota, A and Kovary, K M and Kudo, T and Park, B O and Teruel, M N},
title = {{Controlling low rates of cell differentiation through noise and ultrahigh feedback}},
journal = {Science},
year = {2014},
volume = {344},
number = {6190},
pages = {1384--1389},
month = jun
}

@article{Morange:2009vq,
author = {Morange, Michel},
title = {{What history tells us XVII. Conrad Waddington and the nature of life.}},
journal = {J Biosci},
year = {2009},
volume = {34},
number = {2},
pages = {195--198},
month = jun
}

@article{Gibson:2000jqa,
author = {Gibson, Michael A and Bruck, Jehoshua},
title = {{Efficient Exact Stochastic Simulation of Chemical Systems with Many Species and Many Channels}},
journal = {J Phys Chem A},
year = {2000},
volume = {104},
number = {9},
pages = {1876--1889},
month = mar
}

@article{Allen:2005wy,
author = {Allen, Rosalind J and Warren, Patrick B and ten Wolde, Pieter Rein},
title = {{Sampling rare switching events in biochemical networks.}},
journal = {Phys Rev Lett},
year = {2005},
volume = {94},
number = {1},
pages = {018104},
month = jan
}

@article{Wu:2014gf,
author = {Wu, Wei and Wang, Jin},
title = {{Potential and flux field landscape theory. II. Non-equilibrium thermodynamics of spatially inhomogeneous stochastic dynamical systems}},
journal = {J Chem Phys},
year = {2014},
volume = {141},
number = {10},
pages = {105104--48},
month = sep
}

@article{Roberts:2011cs,
author = {Roberts, Elijah and Magis, Andrew and Ortiz, Julio O and Baumeister, Wolfgang and Luthey-Schulten, Zaida},
title = {{Noise Contributions in an Inducible Genetic Switch: A Whole-Cell Simulation Study}},
journal = {PLoS Comput Biol},
year = {2011},
volume = {7},
number = {3},
pages = {e1002010--21},
month = mar
}

@article{Jenkinson:2017hh,
author = {Jenkinson, Garrett and Pujadas, Elisabet and Goutsias, John and Feinberg, Andrew P},
title = {{Potential energy landscapes identify the information- theoretic nature of the epigenome}},
journal = {Nature Publishing Group},
year = {2017},
volume = {49},
number = {5},
pages = {719--729},
month = mar
}

@book{Haas:2006ts,
author = {Haas, Peter J},
title = {{Stochastic Petri Nets}},
publisher = {Springer Science {\&} Business Media},
year = {2006},
series = {Modelling, Stability, Simulation},
month = apr
}

@article{Gillespie:1992gb,
author = {Gillespie, D T},
title = {{A rigorous derivation of the chemical master equation}},
journal = {Physica a-Statistical Mechanics and Its Applications},
year = {1992},
volume = {188},
number = {1-3},
pages = {404--425}
}

@article{Lewis:2010kl,
author = {Lewis, Kim},
title = {{Persister Cells}},
journal = {Annu. Rev. Microbiol.},
year = {2010},
volume = {64},
number = {1},
pages = {357--372},
month = oct
}

@article{Huang:2016be,
author = {Huang, Sui},
title = {{Where to Go: Breaking the Symmetry in Cell Motility}},
journal = {PLoS Biol},
year = {2016},
volume = {14},
number = {5},
pages = {e1002463--10},
month = may
}

@article{Hahl:2016ib,
author = {Hahl, Sayuri K and Kremling, Andreas},
title = {{A Comparison of Deterministic and Stochastic Modeling Approaches for Biochemical Reaction Systems: On Fixed Points, Means, and Modes}},
journal = {Front. Genet.},
year = {2016},
volume = {7},
number = {46},
pages = {054103},
month = aug
}

@article{Norris:2015bk,
author = {Norris, Vic},
title = {{Why do bacteria divide?}},
journal = {Front. Microbiol.},
year = {2015},
volume = {06},
pages = {1--10},
month = apr
}

@article{Escobedo:2009dy,
author = {Escobedo, Fernando A and Borrero, Ernesto E and Araque, Juan C},
title = {{Transition path sampling and forward flux sampling. Applications to biological systems.}},
journal = {J Phys Condens Matter},
year = {2009},
volume = {21},
number = {33},
pages = {333101},
month = aug
}

@article{Crick:1958ws,
author = {Crick, Francis},
title = {{On protein synthesis.}},
journal = {Symp. Soc. Exp. Biol.},
year = {1958},
volume = {12},
pages = {138--163}
}

@article{Waage:1986bf,
author = {Waage, P and Gulberg, C M},
title = {{Studies concerning affinity}},
journal = {J. Chem. Educ.},
year = {1986},
volume = {63},
number = {12},
pages = {1044},
month = dec
}

@article{Gillespie:2007bx,
author = {Gillespie, D T},
title = {{Stochastic simulation of chemical kinetics}},
journal = {Annu Rev Phys Chem},
year = {2007}
}

@article{Goss:1998tf,
author = {Goss, P J and Peccoud, J},
title = {{Quantitative modeling of stochastic systems in molecular biology by using stochastic Petri nets.}},
journal = {Proc Natl Acad Sci USA},
year = {1998},
volume = {95},
number = {12},
pages = {6750--6755},
month = jun
}

@article{Kurtz:2003gz,
author = {Kurtz, Thomas G},
title = {{The Relationship between Stochastic and Deterministic Models for Chemical Reactions}},
journal = {J Chem Phys},
year = {1972},
volume = {57},
number = {7},
pages = {2976--2978},
month = oct
}

@article{Raj:2006gq,
author = {Raj, Arjun and Peskin, Charles S and Tranchina, Daniel and Vargas, Diana Y and Tyagi, Sanjay},
title = {{Stochastic mRNA Synthesis in Mammalian Cells}},
journal = {PLoS Biol},
year = {2006},
volume = {4},
number = {10},
pages = {e309--13},
month = sep
}

@article{HajiAkbari:2018kh,
author = {Haji-Akbari, Amir},
title = {{Forward-flux sampling with jumpy order parameters}},
journal = {J Chem Phys},
year = {2018},
volume = {149},
number = {7},
pages = {072303},
month = aug
}

@phdthesis{Petri:1966vs,
author = {Petri, Carl Adam},
title = {{Communication with automata}},
year = {1966},
address = {University of Hamburg}
}

@article{Presse:2013dh,
author = {Press{\'e}, Steve and Ghosh, Kingshuk and Lee, Julian and Dill, Ken A},
title = {{Principles of maximum entropy and maximum caliber in statistical physics}},
journal = {Rev. Mod. Phys.},
year = {2013},
volume = {85},
number = {3},
pages = {1115--1141},
month = jul
}

@article{Wolfram:11Mat,
author = {{Wolfram Research, Inc.}},
title = {{Mathematica 11.0}}
}

@article{Torrie:1977hs,
author = {Torrie, G M and Valleau, J P},
title = {{Nonphysical sampling distributions in Monte Carlo free-energy estimation: Umbrella sampling}},
year = {1977},
volume = {23},
number = {2},
pages = {187--199},
month = feb
}

@book{Waddington:1965wf,
author = {Waddington, Conrad Hal},
title = {{Principles of Embryology}},
year = {1965}
}

@article{Wilkinson:2009eu,
author = {Wilkinson, Darren J},
title = {{Stochastic modelling for quantitative description of heterogeneous biological systems}},
journal = {Nat Rev Genet},
year = {2009},
volume = {10},
number = {2},
pages = {122--133},
month = feb
}

@article{Pujadas:2012dj,
author = {Pujadas, Elisabet and Feinberg, Andrew P},
title = {{Regulated Noise in the Epigenetic Landscape of Development and Disease}},
journal = {Cell},
year = {2012},
volume = {148},
number = {6},
pages = {1123--1131},
month = mar
}

@article{Borrero:2008il,
author = {Borrero, Ernesto E and Escobedo, Fernando A},
title = {{Optimizing the sampling and staging for simulations of rare events via forward flux sampling schemes}},
journal = {J Chem Phys},
year = {2008},
volume = {129},
number = {2},
pages = {024115--024117}
}

@article{Hooshangi:2005gh,
author = {Hooshangi, Sara and Thiberge, Stephan and Weiss, Ron},
title = {{Ultrasensitivity and noise propagation in a synthetic transcriptional cascade.}},
journal = {Proc Natl Acad Sci USA},
year = {2005},
volume = {102},
number = {10},
pages = {3581--3586},
month = mar
}

@book{VanKampen:2011vs,
author = {Van Kampen, N G},
title = {{Stochastic Processes in Physics and Chemistry}},
publisher = {Elsevier},
year = {2011},
month = aug
}

@article{Aldous:1982ev,
author = {Aldous, David J},
title = {{Markov chains with almost exponential hitting times}},
journal = {Stochastic Processes and their Applications},
year = {1982},
volume = {13},
number = {3},
pages = {305--310}
}

@article{Kepler:2001de,
author = {Kepler, Thomas B and Elston, Timothy C},
title = {{Stochasticity in Transcriptional Regulation: Origins, Consequences, and Mathematical Representations}},
journal = {Biophys J},
year = {2001},
volume = {81},
number = {6},
pages = {3116--3136},
month = dec
}

@article{Allen:2006cp,
author = {Allen, Rosalind J and Frenkel, Daan and ten Wolde, Pieter Rein},
title = {{Simulating rare events in equilibrium or nonequilibrium stochastic systems.}},
journal = {J Chem Phys},
year = {2006},
volume = {124},
number = {2},
pages = {024102},
month = jan
}

@article{Gillespie:2001kg,
author = {Gillespie, D T},
title = {{Approximate accelerated stochastic simulation of chemically reacting systems}},
journal = {J Chem Phys},
year = {2001}
}

@book{Borrero:2009wj,
author = {Borrero, Ernesto Emmanuel},
title = {{Simulating the kinetics of rare biomolecular events via optimized forward flux sampling methods}},
publisher = {ProQuest LLC, Ann Arbor, MI},
year = {2009}
}

@article{Ackermann:2015gb,
author = {Ackermann, Martin},
title = {{A functional perspective on phenotypic heterogeneity in microorganisms}},
journal = {Nature Publishing Group},
year = {2015},
volume = {13},
number = {8},
pages = {497--508},
month = jul
}

@article{Adelman:2013ii,
author = {Adelman, Joshua L and Grabe, Michael},
title = {{Simulating rare events using a weighted ensemble-based string method}},
journal = {J Chem Phys},
year = {2013},
volume = {138},
number = {4},
pages = {044105--14},
month = jan
}

@article{Crick:1970wb,
author = {Crick, Francis},
title = {{Central dogma of molecular biology}},
journal = {Nature},
year = {1970},
volume = {227},
number = {5258},
pages = {561--563},
month = aug
}

@article{Saunders:2014fj,
author = {Saunders, Marissa G and Tempkin, Jeremy and Weare, Jonathan and Dinner, Aaron R and Roux, Beno{\^\i}t and Voth, Gregory A},
title = {{Nucleotide regulation of the structure and dynamics of G-actin.}},
journal = {Biophys J},
year = {2014},
volume = {106},
number = {8},
pages = {1710--1720},
month = apr
}

@article{24143,
author = {Murata, T},
title = {{Petri nets: Properties, analysis and applications}},
journal = {Proceedings of the IEEE},
year = {1989},
volume = {77},
number = {4},
pages = {541--580},
month = apr
}

@article{Roberts:2013cu,
author = {Roberts, Elijah and Stone, John E and Luthey-Schulten, Zaida},
title = {{Lattice Microbes: high-performance stochastic simulation method for the reaction-diffusion master equation.}},
journal = {J Comput Chem},
year = {2013},
volume = {34},
number = {3},
pages = {245--255},
month = jan
}

@article{Moradi:2014cr,
author = {Moradi, Mahmoud and Sagui, Celeste and Roland, Christopher},
title = {{Investigating rare events with nonequilibrium work measurements. I. Nonequilibrium transition path probabilities}},
journal = {J Chem Phys},
year = {2014},
volume = {140},
number = {3},
pages = {034114--14},
month = jan
}

@article{Hardy:2004tq,
author = {Hardy, Simon and Robillard, Pierre N},
title = {{Modeling and simulation of molecular biology systems using petri nets: modeling goals of various approaches.}},
journal = {J Bioinform Comput Biol},
year = {2004},
volume = {2},
number = {4},
pages = {595--613},
month = dec
}

@article{Nicolosi:2011im,
author = {Nicolosi, Guido and Ruivenkamp, Guido},
title = {{The epigenetic turn}},
journal = {Med Health Care and Philos},
year = {2011},
volume = {15},
number = {3},
pages = {309--319},
month = aug
}

@article{Pinney:2003tz,
author = {Pinney, J W and Westhead, D R and McConkey, G A},
title = {{Petri Net representations in systems biology.}},
journal = {Biochem. Soc. Trans.},
year = {2003},
volume = {31},
number = {Pt 6},
pages = {1513--1515},
month = dec
}

@inproceedings{Levinthal:1969uy,
author = {Levinthal, Cyrus},
title = {{How to Fold Graciously}},
booktitle = {Mossbauer Spectroscopy in Biological Systems: Proceedings of a meeting held at Allerton House, Monticello, Illinois},
year = {1969},
editor = {Debrunnder, JTP and Munck, E},
pages = {22--24},
publisher = {University of Illinois Press}
}

@article{Sanchez:2013fp,
author = {Sanchez, Alvaro and Choubey, Sandeep and Kondev, Jane},
title = {{Regulation of Noise in Gene Expression}},
journal = {Annu Rev Biophys},
year = {2013},
volume = {42},
number = {1},
pages = {469--491},
month = may
}

@article{Kahn:1951es,
author = {Kahn, Herman and Harris, Theodore E},
title = {{Estimation of particle transmission by random sampling}},
journal = {Nat Bur Stand Math},
year = {1951},
volume = {12},
pages = {27--30}
}

@article{Dellago:1998kw,
author = {Dellago, Christoph and Bolhuis, Peter G and Csajka, F{\'e}lix S and Chandler, David},
title = {{Transition path sampling and the calculation of rate constants}},
journal = {J Chem Phys},
year = {1998},
volume = {108},
number = {5},
pages = {1964--15}
}

@article{Lie:2017be,
author = {Lie, H C and Quer, J},
title = {{Some connections between importance sampling and enhanced sampling methods in molecular dynamics}},
journal = {J Chem Phys},
year = {2017},
volume = {147},
number = {19},
pages = {194107},
month = nov
}

@article{Anonymous:yDpggLQc,
title = {{ARE THERE PATHWAYS FOR PROTEIN FOLDING ?}},
year = {2018},
pages = {1--2},
month = nov
}

@book{Rhodes:1986ux,
author = {Rhodes, Richard},
title = {{The making of the atomic bomb}},
publisher = {Simon {\&} Schuster},
year = {1986},
address = {New York}
}

@article{Densmore:2004hb,
author = {Densmore, Jeffery D and Larsen, Edward W},
title = {{Variational Variance Reduction for Monte Carlo Eigenvalue and Eigenfunction Problems}},
journal = {Nuclear Science and Engineering},
year = {2004},
volume = {146},
number = {2},
pages = {121--140},
month = feb
}

@article{Wu:2013dx,
author = {Wu, Wei and Wang, Jin},
title = {{Potential and flux field landscape theory. I. Global stability and dynamics of spatially dependent non-equilibrium systems}},
journal = {J Chem Phys},
year = {2013},
volume = {139},
number = {12},
pages = {121920}
}

@book{Thompson:1917up,
author = {Thompson, DArcy},
title = {{On Growth and Form}},
publisher = {Cambridge University Press},
year = {1917},
address = {Cambridge},
month = jan
}

@article{Dickson:2009gt,
author = {Dickson, Alex and Warmflash, Aryeh and Dinner, Aaron R},
title = {{Nonequilibrium umbrella sampling in spaces of many order parameters.}},
journal = {J Chem Phys},
year = {2009},
volume = {130},
number = {7},
pages = {074104},
month = feb
}

@article{Norris:2015kq,
author = {Norris, Vic},
title = {{What Properties of Life Are Universal? Substance-Free, Scale-free Life}},
journal = {Orig Life Evol Biosph},
year = {2015},
volume = {44},
number = {4},
pages = {363--367},
month = mar
}

@article{Gao:2012gn,
author = {Gao, Y X and Wang, G M and Williams, D R M and Williams, Stephen R and Evans, Denis J and Sevick, E M},
title = {{Non-equilibrium umbrella sampling applied to force spectroscopy of soft matter.}},
journal = {J Chem Phys},
year = {2012},
volume = {136},
number = {5},
pages = {054902},
month = feb
}

@article{Chaouiya:2007ji,
author = {Chaouiya, C},
title = {{Petri net modelling of biological networks}},
journal = {Briefings in Bioinformatics},
year = {2007},
volume = {8},
number = {4},
pages = {210--219},
month = mar
}

@article{Wang:2013dj,
author = {Wang, Jin},
title = {{Landscape and flux theory of non-equilibrium dynamical systems with application to biology}},
journal = {Advances in Physics},
year = {2013},
volume = {0},
number = {0},
pages = {1--138},
month = may
}

@article{Volterra:1926cl,
author = {Volterra, Vito},
title = {{Fluctuations in the Abundance of a Species considered Mathematically}},
journal = {Nature},
year = {1926},
volume = {118},
number = {2972},
pages = {558--560},
month = oct
}

@article{Kratzer:2013fs,
author = {Kratzer, Kai and Arnold, Axel and Allen, Rosalind J},
title = {{Automatic, optimized interface placement in forward flux sampling simulations}},
journal = {J Chem Phys},
year = {2013},
volume = {138},
number = {16},
pages = {164112--164112}
}

@article{Kaern:2005gr,
author = {K{\ae}rn, Mads and Elston, Timothy C and Blake, William J and Collins, James J},
title = {{Stochasticity in gene expression: from theories to phenotypes}},
journal = {Nat Rev Genet},
year = {2005},
volume = {6},
number = {6},
pages = {451--464},
month = may
}

@article{Johannsen:2014iv,
author = {Johannsen, W},
title = {{The Genotype Conception of Heredity}},
journal = {The American Naturalist},
year = {1911},
volume = {45},
number = {531},
pages = {129--159},
month = mar
}

@article{Li:2014iw,
author = {Li, Chunhe and Wang, Jin},
title = {{Landscape and flux reveal a new global view and physical quantification of mammalian cell cycle.}},
journal = {Proc Natl Acad Sci USA},
year = {2014},
volume = {111},
number = {39},
pages = {14130--14135},
month = sep
}

@article{Andrews:2007gu,
author = {Andrews, Burton W and Iglesias, Pablo A},
title = {{An information-theoretic characterization of the optimal gradient sensing response of cells.}},
journal = {PLoS Comput Biol},
year = {2007},
volume = {3},
number = {8},
pages = {e153},
month = aug
}

@book{Koch:2010ws,
author = {Koch, Ina and Reisig, Wolfgang and Schreiber, Falk},
title = {{Modeling in Systems Biology}},
publisher = {Springer Science {\&} Business Media},
year = {2010},
series = {The Petri Net Approach},
month = oct
}

@article{Ma:2005jh,
author = {Ma, Ao and Dinner, Aaron R},
title = {{Automatic Method for Identifying Reaction Coordinates in Complex Systems {\dag}}},
journal = {J Phys Chem B},
year = {2005},
volume = {109},
number = {14},
pages = {6769--6779},
month = apr
}

@article{Stegle:2015cx,
author = {Stegle, Oliver and Teichmann, Sarah A and Marioni, John C},
title = {{Computational and analytical challenges in single-cell transcriptomics}},
journal = {Nature Publishing Group},
year = {2015},
volume = {16},
number = {3},
pages = {133--145},
month = jan
}

@article{Allen:2009kb,
author = {Allen, Rosalind J and Valeriani, Chantal and Rein ten Wolde, Pieter},
title = {{Forward flux sampling for rare event simulations.}},
journal = {J Phys Condens Matter},
year = {2009},
volume = {21},
number = {46},
pages = {463102},
month = nov
}

@book{hellman2001great,
author = {Hellman, H},
title = {{Great Feuds in Medicine: Ten of the Liveliest Disputes Ever}},
publisher = {Wiley},
year = {2001},
series = {Medical Humanities collection PAH}
}

@article{Fritzsch:2012kk,
author = {Fritzsch, Frederik S O and Dusny, Christian and Frick, Oliver and Schmid, Andreas},
title = {{Single-Cell Analysis in Biotechnology, Systems Biology, and Biocatalysis}},
journal = {Annu. Rev. Chem. Biomol. Eng.},
year = {2012},
volume = {3},
number = {1},
pages = {129--155},
month = jul
}

@article{Petzold:1983if,
author = {Petzold, Linda},
title = {{Automatic Selection of Methods for Solving Stiff and Nonstiff Systems of Ordinary Differential Equations}},
journal = {SIAM J. Sci. and Stat. Comput.},
year = {1983},
volume = {4},
number = {1},
pages = {136--148},
month = mar
}

@article{Borrero:2007eq,
author = {Borrero, Ernesto E and Escobedo, Fernando A},
title = {{Reaction coordinates and transition pathways of rare events via forward flux sampling}},
journal = {J Chem Phys},
year = {2007},
volume = {127},
number = {16},
pages = {164101},
month = oct
}

@article{Oppenheim:1969hr,
author = {Oppenheim, I and Shuler, K E and Weiss, G H},
title = {{Stochastic and Deterministic Formulation of Chemical Rate Equations}},
journal = {J Chem Phys},
year = {1969},
volume = {50},
number = {1},
pages = {460--466},
month = jan
}

@article{Gillespie:2002bo,
author = {Gillespie, Daniel T},
title = {{The Chemical Langevin and Fokker{\textminus}Planck Equations for the Reversible Isomerization Reaction {\dag}}},
journal = {J Phys Chem A},
year = {2002},
volume = {106},
number = {20},
pages = {5063--5071},
month = may
}

@article{Kastner:2011fta,
author = {K{\"a}stner, Johannes},
title = {{Umbrella sampling}},
journal = {Wiley Interdisciplinary Reviews: Computational Molecular Science},
year = {2011},
volume = {1},
number = {6},
pages = {932--942},
month = nov
}

@article{2000PNAS...97.2075H,
author = {Hasty, J and Pradines, J and Dolnik, M and Collins, J J},
title = {{Noise-based switches and amplifiers for gene expression.}},
journal = {Proc Natl Acad Sci USA},
year = {2000},
volume = {97},
number = {5},
pages = {2075--2080},
month = feb
}

@article{Moroni:2005ie,
author = {Moroni, Daniele and van Erp, Titus and Bolhuis, Peter},
title = {{Simultaneous computation of free energies and kinetics of rare events}},
journal = {Phys Rev E},
year = {2005},
volume = {71},
number = {5},
pages = {056709},
month = may
}

@article{Dickson:2009fua,
author = {Dickson, Alex and Warmflash, Aryeh and Dinner, Aaron R},
title = {{Separating forward and backward pathways in nonequilibrium umbrella sampling}},
journal = {J Chem Phys},
year = {2009},
volume = {131},
number = {15},
pages = {154104--11},
month = oct
}

@article{McQuarrie:2016cc,
author = {McQuarrie, Donald A},
title = {{Stochastic approach to chemical kinetics}},
journal = {Journal of Applied Probability},
year = {1967},
volume = {4},
number = {3},
pages = {413--478},
month = nov
}

@article{Moradi:2014fv,
author = {Moradi, Mahmoud and Sagui, Celeste and Roland, Christopher},
title = {{Investigating rare events with nonequilibrium work measurements. II. Transition and reaction rates}},
journal = {J Chem Phys},
year = {2014},
volume = {140},
number = {3},
pages = {034115--23},
month = jan
}

@article{Zhou:2011ik,
author = {Zhou, Joseph X and Huang, Sui},
title = {{Understanding gene circuits at cell-fate branch points for rational cell reprogramming}},
journal = {Trends in Genetics},
year = {2011},
volume = {27},
number = {2},
pages = {55--62},
month = feb
}

@article{Bartels:2000fk,
author = {Bartels, Christian},
title = {{Analyzing biased Monte Carlo and molecular dynamics simulations}},
journal = {Chemical Physics Letters},
year = {2000},
volume = {331},
number = {5-6},
pages = {446--454},
month = dec
}

@article{Dublin:1925hj,
author = {Dublin, Loots I and Lotka, Alfred J},
title = {{On the True Rate of Natural Increase: As Exemplified by the Population of the United States, 1920}},
journal = {Journal of the American Statistical Association},
year = {1925},
volume = {20},
number = {151},
pages = {305--339},
month = sep
}

@article{Donovan:2016bi,
author = {Donovan, Rory M and Tapia, Jose-Juan and Sullivan, Devin P and Faeder, James R and Murphy, Robert F and Dittrich, Markus and Zuckerman, Daniel M},
title = {{Unbiased Rare Event Sampling in Spatial Stochastic Systems Biology Models Using a Weighted Ensemble of Trajectories}},
journal = {PLoS Comput Biol},
year = {2016},
volume = {12},
number = {2},
pages = {e1004611--25},
month = feb
}

@article{Jaruszewicz:2013fe,
author = {Jaruszewicz, Joanna and Lipniacki, Tomasz},
title = {{Toggle switch: noise determines the winning gene}},
journal = {Phys Biol},
year = {2013},
volume = {10},
number = {3},
pages = {035007},
month = jun
}

@article{Cao:2004cua,
author = {Cao, Yang and Li, Hong and Petzold, Linda},
title = {{Efficient formulation of the stochastic simulation algorithm for chemically reacting systems}},
journal = {J Chem Phys},
year = {2004},
volume = {121},
number = {9},
pages = {4059--4067},
month = aug
}

@article{Shampine:1979em,
author = {Shampine, L F and Gear, C W},
title = {{A User{\textquoteright}s View of Solving Stiff Ordinary Differential Equations}},
journal = {SIAM Rev.},
year = {1979},
volume = {21},
number = {1},
pages = {1--17},
month = jan
}

@article{Forsythe:1972cf,
author = {Forsythe, George E},
title = {{Von Neumann's Comparison Method for Random Sampling from the Normal and Other Distributions}},
journal = {Mathematics of Computation},
year = {1972},
volume = {26},
number = {120},
pages = {817--11},
month = oct
}

@article{Lotka:1909ho,
author = {Lotka, Alfred J},
title = {{Contribution to the Theory of Periodic Reactions}},
journal = {J. Phys. Chem. {\ldots}},
year = {1909},
volume = {14},
number = {3},
pages = {271--274},
month = jan
}

@article{Norris:2012hz,
author = {Norris, Vic and Loutelier-Bourhis, Corinne and Thierry, Alain},
title = {{How did Metabolism and Genetic Replication Get Married?}},
journal = {Orig Life Evol Biosph},
year = {2012},
volume = {42},
number = {5},
pages = {487--495},
month = oct
}

@article{Dickson:2010gf,
author = {Dickson, Alex and Dinner, Aaron R},
title = {{Enhanced sampling of nonequilibrium steady states.}},
journal = {Annu Rev Phys Chem},
year = {2010},
volume = {61},
number = {1},
pages = {441--459}
}

@article{McCollum:2006hj,
author = {McCollum, James M and Peterson, Gregory D and Cox, Chris D and Simpson, Michael L and Samatova, Nagiza F},
title = {{The sorting direct method for stochastic simulation of biochemical systems with varying reaction execution behavior}},
journal = {Computational Biology and Chemistry},
year = {2006},
volume = {30},
number = {1},
pages = {39--49},
month = feb
}

@article{Huber:1996dn,
author = {Huber, G A and Kim, S},
title = {{Weighted-ensemble Brownian dynamics simulations for protein association reactions.}},
journal = {Biophys J},
year = {1996},
volume = {70},
number = {1},
pages = {97--110},
month = jan
}

